2020 3464
789 312 836 350 23
862 313 1031 351 APRms
1060 315 1150 360 1562
1721 315 1788 352 681

149 431 198 461 re
224 417 235 440 ¹
259 430 352 460 non
373 416 511 462 habbi
534 417 675 461 molto
703 423 862 461 curato
889 416 921 461 il
948 416 1120 476 obligo,
1150 432 1223 462 ma
1250 420 1310 463 ha
1337 418 1525 463 lasciato
1552 418 1596 462 13
1626 417 1791 476 briglia

149 495 278 552 larga
299 493 433 549 assai,
457 495 500 539 al
521 496 723 539 humano
743 495 881 539 modo
901 494 947 539 di
968 495 1117 552 questi
1141 495 1294 554 tempi.
1319 498 1424 541 Non
1446 511 1499 540 so
1527 496 1679 554 quello
1706 498 1792 541 che

149 573 282 630 potro
304 572 372 616 far
399 586 487 616 con
513 571 594 616 lui.
626 572 743 617 Faro
770 571 802 616 il
831 572 999 630 meglio
1031 575 1117 618 che
1149 574 1279 630 potro
1309 588 1397 618 con
1428 573 1577 632 gratia
1608 574 1683 619 del
1714 573 1790 619 Si-

152 663 313 707 gnore.

241 739 285 771 2.
350 727 404 772 Li
436 727 668 772 contadini
696 728 839 786 hoggi
874 730 1026 773 hanno
1059 730 1186 773 datto
1221 728 1366 786 prima
1398 729 1442 772 le
1473 730 1673 785 querelle
1704 743 1790 773 con

151 804 412 858 testimonii,
435 805 546 863 pero
566 806 657 849 mal
677 806 889 862 ordinati,
914 813 961 850 et
981 806 1107 851 accio
1129 822 1225 851 non
1251 821 1532 864 aggrauemo
1558 806 1654 864 pisi,
1684 808 1791 852 bes-

148 897 294 940 sogna
315 889 541 940 aspettare
562 884 649 928 che
670 883 809 927 habbi
830 884 957 928 datto
978 885 1022 928 16
1043 883 1166 928 conti
1189 891 1235 929 et
1264 883 1467 928 conclusi
1495 898 1583 927 con
1615 883 1710 938 noi,
1745 891 1791 929 et

147 959 186 1004 si
207 962 380 1004 restara
401 960 515 1004 altro
537 960 725 1018 negotio
748 962 834 1006 che
854 960 1047 1019 pigliara
1066 976 1150 1006 sua
1170 968 1299 1019 parte
1320 960 1384 1004 dil
1406 968 1573 1018 tempo.

236 1051 277 1093 3.
343 1039 419 1082 Ho
440 1037 714 1094 examinato,
738 1045 866 1096 parte
888 1039 966 1096 qui
987 1039 1305 1092 chiamandoli,
1330 1045 1458 1096 parte
1482 1038 1530 1082 in
1561 1054 1651 1083 vna
1681 1038 1788 1083 villa

147 1114 298 1159 alcuni
319 1121 366 1158 et
387 1115 550 1159 alcune
572 1130 694 1170 cose,
719 1116 818 1160 cioe
839 1132 866 1160 a
889 1116 1012 1170 tutti,
1038 1123 1085 1160 et
1107 1123 1239 1160 trouo
1267 1115 1570 1174 grandissima
1601 1117 1789 1160 confus-

122 1219 124 1221 v
148 1192 276 1237 sione
302 1192 411 1238 nelli
438 1193 545 1236 beni
574 1193 825 1250 temporali,
856 1201 903 1238 et
930 1209 1059 1238 come
1085 1209 1192 1238 cosa
1219 1196 1305 1238 che
1336 1193 1466 1237 molti
1498 1193 1605 1237 anni
1637 1209 1732 1237 non
1764 1195 1790 1237 e

149 1277 269 1315 stato
291 1285 382 1327 qua
403 1285 597 1327 persona
618 1272 704 1315 che
725 1270 756 1314 li
778 1271 920 1316 dolesi
941 1287 1000 1317 ne
1021 1271 1269 1316 attendessi
1286 1272 1344 1315 ad
1360 1272 1475 1315 altro
1492 1272 1578 1315 che
1609 1271 1653 1314 al
1683 1285 1790 1328 pro-

149 1347 262 1406 prio:
283 1355 329 1392 et
350 1363 430 1406 per
451 1348 610 1392 visitar
640 1348 750 1406 ogni
787 1363 892 1394 cosa
927 1356 974 1393 et
1000 1348 1232 1393 examinar
1259 1349 1583 1402 debitamente,
1618 1354 1792 1405 quanto

147 1426 285 1469 adeso
302 1425 340 1469 si
362 1427 471 1483 puo,
496 1425 528 1469 il
550 1433 686 1479 tutto,
710 1427 970 1484 besognara
991 1433 1116 1472 certo
1133 1434 1304 1484 tempo:
1330 1433 1377 1471 et
1398 1441 1478 1483 per
1498 1427 1747 1483 responder
1762 1441 1788 1470 a

147 1504 295 1560 quelle
311 1518 417 1548 cose
439 1505 524 1548 che
545 1519 653 1561 pare
680 1506 765 1548 che
792 1505 998 1562 besogna
1028 1506 1128 1551 fare*
1148 1514 1194 1549 et
1222 1505 1470 1562 responder
1496 1504 1651 1548 auanti
1683 1519 1788 1561 par-

147 1580 267 1626 tirmi
283 1581 329 1624 di
346 1596 437 1637 qua
458 1569 538 1638 per
559 1596 631 1626 me
653 1581 831 1627 istesso.

236 1672 279 1714 4.
346 1658 396 1704 Si
419 1666 611 1703 trouano
631 1659 679 1703 in
699 1660 830 1714 costi,
855 1660 1064 1705 adulterii
1086 1667 1132 1704 et
1153 1661 1267 1704 altre
1289 1675 1394 1704 cose
1421 1675 1514 1704 non
1545 1658 1708 1717 picole,
1741 1665 1788 1705 et

146 1737 289 1782 libera
310 1735 384 1780 via
405 1736 451 1780 di
472 1737 540 1781 far
561 1738 692 1781 male.
714 1739 818 1782 Non
835 1753 888 1782 so
903 1753 952 1782 se
968 1737 1111 1782 niuno
1127 1737 1165 1782 si
1183 1745 1317 1782 troua
1332 1736 1574 1792 catholico,
1593 1738 1788 1781 anchor-

148 1816 233 1859 che
255 1830 346 1858 vna
366 1814 473 1859 villa
495 1815 670 1872 grande
690 1830 925 1872 promesse
946 1815 992 1859 di
1014 1815 1286 1861 confessarsi
1307 1817 1365 1859 ad
1392 1817 1441 1861 S.
1474 1817 1648 1868 Marco,
1678 1816 1788 1872 pero

150 1907 242 1936 non
263 1893 400 1937 credo
422 1894 508 1936 che
528 1892 560 1935 il
582 1894 691 1947 fau-54
717 1908 775 1937 ne
798 1895 998 1939 Maestro
1020 1895 1211 1948 Thoma,
1230 1909 1258 1938 0
1275 1894 1382 1951 puo,
1403 1909 1431 1937 0
1453 1895 1479 1937 e
1501 1892 1716 1945 animato,
1742 1900 1788 1937 et

149 1985 242 2014 non
264 1971 316 2014 ce
338 1970 412 2014 chi
439 1970 471 2014 il
500 1971 602 2015 faci.
634 1972 854 2025 Pereunt,
885 1973 1044 2025 Pater,
1073 1972 1186 2015 istae
1217 1973 1415 2015 miserae
1446 1972 1644 2024 animae,
1677 1971 1787 2027 quia

148 2063 242 2091 non
263 2052 329 2092 est
350 2049 430 2105 qui
441 2050 655 2108 frangat
675 2049 769 2092 illis
782 2054 969 2105 panem.

238 2136 280 2181 5.
347 2128 436 2170 Per
455 2125 614 2170 visitat
634 2127 676 2171 le
698 2127 811 2170 altre
835 2139 860 2182 7
883 2126 989 2171 ville
1010 2141 1103 2171 non
1123 2127 1166 2171 ci
1187 2127 1246 2171 da
1266 2128 1367 2171 loco
1384 2127 1415 2170 il
1433 2134 1584 2184 tempo
1606 2126 1786 2184 pluuio—

147 2203 341 2258 sissimo,
366 2204 488 2248 doue
510 2205 656 2248 anche
679 2203 739 2247 mi
761 2203 799 2248 si
821 2204 1051 2262 impidisse
1073 2204 1151 2262 pisi
1171 2205 1216 2249 13
1237 2204 1466 2262 predicha.

237 2282 280 2325 6.
345 2281 434 2326 Doi
455 2281 640 2339 parochi
662 2297 777 2326 sono
799 2281 847 2325 in
869 2289 1029 2338 queste
1050 2282 1172 2337 ville,
1203 2283 1232 2326 l’
1263 2298 1355 2326 vno
1386 2288 1592 2339 apostata
1619 2297 1649 2325 a
1676 2282 1787 2325 reli-

144 2360 286 2418 gione
302 2362 343 2402 et
363 2375 392 2402 a
405 2359 516 2416 fide,
539 2366 585 2404 et
606 2361 752 2404 anche
774 2375 863 2403 non
882 2359 912 2402 li
935 2362 1128 2404 mancha
1144 2361 1188 2404 la
1203 2360 1445 2405 donichola
1461 2360 1504 2403 al
1521 2360 1629 2413 lato,
1648 2359 1786 2417 igno-

149 2445 278 2481 rante
308 2445 355 2482 et
382 2437 610 2482 obstinato
637 2437 684 2481 in
715 2439 849 2491 malo,
885 2439 1061 2483 benche
1082 2453 1176 2482 non
1211 2440 1244 2482 1’
1274 2441 1334 2483 ho
1362 2438 1479 2483 assai
1510 2437 1783 2483 examinato.

151 2517 204 2561 L’
230 2517 346 2560 altro
367 2531 459 2560 non
481 2518 541 2559 ha
561 2523 735 2560 uenuto
757 2531 869 2572 qua:
894 2516 1031 2561 credo
1052 2531 1176 2562 esser
1192 2516 1352 2561 simile.
1374 2517 1409 2560 Il
1424 2531 1624 2561 vescouo
1641 2530 1731 2558 non
1750 2514 1787 2558 si

151 2608 277 2647 cura,
301 2609 360 2638 ne
380 2594 489 2651 puo,
514 2608 563 2637 se
583 2595 674 2639 ben
696 2593 884 2637 intendo
905 2595 990 2637 che
1013 2594 1129 2638 vole.
1154 2594 1190 2638 11
1210 2595 1378 2652 populo
1400 2595 1536 2638 credo
1558 2592 1596 2637 si
1623 2599 1786 2649 ayuta-

151 2671 217 2715 ria
238 2686 287 2715 se
309 2685 362 2715 ce
385 2672 504 2715 fosse
526 2670 599 2715 chi
620 2671 651 2713 li
674 2670 860 2715 aiutassi
882 2675 970 2715 con
991 2671 1131 2715 buoni
1154 2671 1382 2728 colloquii.

238 2760 279 2804 7.
346 2750 467 2805 Qua,
492 2749 611 2792 nella
632 2748 756 2802 citta,
782 2747 962 2792 sariano
985 2748 1058 2792 chi
1080 2749 1387 2807 seguitassero
1409 2750 1452 2792 la
1472 2750 1624 2792 buona
1646 2747 1720 2790 via
1741 2754 1787 2792 et

112 2851 117 2856 —
147 2827 249 2870 fede
271 2826 509 2881 catholica,
533 2841 583 2870 se
600 2841 690 2883 qua
707 2827 880 2871 fossero
900 2825 932 2869 li
954 2826 1112 2882 nostri3
1133 2833 1179 2872 et
1194 2834 1321 2872 certo
1338 2827 1493 2879 credo,
1515 2826 1680 2877 Padre‚
1701 2826 1786 2868 che

145 2903 176 2947 il
197 2902 379 2960 partirci
401 2902 446 2946 di
468 2917 558 2960 qua
580 2906 680 2948 sara
701 2918 782 2960 per
804 2904 885 2947 dar
906 2904 1082 2961 grande
1104 2903 1291 2962 allegria
1312 2903 1387 2948 alli
1409 2902 1579 2955 nimici,
1598 2916 1727 2946 corne
1748 2902 1786 2945 si

147 2981 278 3034 vede,
303 2986 350 3025 et
371 2982 457 3026 che
484 2995 534 3025 se
562 2980 600 3025 si
630 2995 927 3030 conseruasse
960 2995 1050 3044 qua
1081 2982 1273 3045 qualche
1301 2988 1521 3034 semente,
1557 2979 1675 3024 saria
1706 2994 1787 3043 per

224 3150 235 3178 ¹
281 3150 377 3198 MS„
395 3153 557 3204 appere,
