2046 3510
279 232 302 267 4
881 221 1048 258 CHRON.
1076 222 1120 257 P.
1148 222 1337 259 NATAL1s

969 389 1248 428 AUENIONE

1048 510 1161 545 1537

375 649 442 681 12.
508 635 635 680 Nihil
654 636 790 692 plane
811 649 898 679 nec
919 635 977 678 de
999 634 1086 678 illis
1112 636 1123 656 ¹
1148 634 1367 689 intellexi,
1393 651 1478 681 nec
1500 638 1719 695 cogitaui,
1744 654 1830 685 nec
1855 641 1933 686 in-

278 713 447 771 quisiui
469 713 679 770 amplius.

374 805 442 848 13.
507 792 632 835 Cura
653 789 800 834 morbi
821 789 1093 846 periculosa,
1118 796 1165 833 et
1185 789 1233 833 in
1249 804 1304 834 ea
1320 791 1446 835 nulla
1461 793 1476 814 ²
1495 792 1676 849 pietatis
1691 797 1930 851 memoria,

278 884 513 926 nunquam
535 867 684 926 magis
705 883 732 911 a
754 866 923 924 pietate
943 866 1135 910 alienus.

374 960 441 1002 14.
507 945 766 990 Discrimen
786 943 909 988 vitae
925 935 972 987 in
988 945 1142 999 domo,
1161 944 1239 987 vbi
1255 959 1361 988 cum
1378 947 1597 992 catalanis
1614 949 1630 970 ³
1647 924 1933 996 habitabam.)

279 1027 398 1069 Tum
419 1025 477 1068 ad
500 1023 825 1068 franciscanos:
851 1021 958 1065 inde
979 1036 1085 1065 cum
1108 1021 1405 1067 franciscanis
1426 1023 1631 1081 Niceam,
1656 1027 1734 1070 vbi
1755 1042 1934 1074 conue--

277 1109 442 1147 nerant
464 1102 639 1146 Paulus
677 1114 721 1157 3,
746 1101 940 1145 Carolus
978 1110 1020 1155 5,
1060 1106 1107 1143 et
1135 1100 1423 1156 Franciscus,
1448 1117 1544 1156 rex,
1570 1104 1627 1147 de
1648 1119 1777 1161 pace,
1809 1121 1932 1163 quae
1981 1143 1983 1145 .

276 1196 370 1225 non
391 1179 549 1235 coiuit,
573 1180 654 1224 sed
676 1177 887 1222 induciae
909 1179 964 1221 ad
987 1177 1276 1222 decennium.
1310 1179 1376 1222 Ibi
1404 1181 1583 1237 excepit
1600 1183 1676 1226 'me
1702 1197 1756 1227 ac
1782 1184 1930 1228 vesti-2

275 1259 344 1302 uit
364 1258 703 1302 iureconsultus
726 1256 980 1300 Malferitus
998 1256 1031 1308 ⁴,
1051 1262 1380 1301 conterraneus
1395 1272 1541 1312 meus,
1561 1273 1703 1315 quum
1725 1261 1930 1307 minatus

275 1342 396 1381 esset
418 1336 653 1380 Lum‘ellus
676 1336 709 1388 ⁵,
734 1333 940 1377 minister
961 1333 1188 1390 generalis
1217 1334 1619 1381 franciscanorum.
1646 1338 1768 1383 Hinc
1789 1339 1928 1384 naui--

275 1413 385 1471 gaui
408 1412 727 1458 Barcinonam.

370 1501 437 1547 15.
504 1490 764 1544 Auenione,
790 1496 897 1532 ante
921 1488 1127 1532 ultimum
1150 1488 1262 1532 illud
1278 1489 1538 1544 discrimen,
1560 1492 1625 1535 fui
1653 1508 1743 1537 non
1767 1493 1815 1537 in
1836 1494 1927 1538 mi—-

274 1569 390 1622 nori,
421 1568 499 1611 vbi
526 1582 600 1612 me
627 1568 1006 1623 comprehensum
1035 1565 1202 1610 milites
1229 1581 1312 1622 pro
1339 1566 1532 1624 hispano
1559 1575 1605 1612 et
1637 1571 1929 1627 exploratore

273 1647 521 1700 duxerunt,
552 1652 599 1690 et
626 1643 918 1688 minabantur
945 1650 1145 1687 atrocem
1174 1658 1350 1697 necem,
1384 1644 1552 1689 iniecta
1579 1646 1714 1690 etiam
1744 1648 1852 1692 fune
1873 1648 1948 1694 in·

272 1725 456 1768 collum.
482 1722 550 1767 Ibi
572 1737 714 1779 quum
735 1735 899 1774 essem,
925 1720 1123 1764 excitata
1144 1721 1277 1778 graui
1299 1721 1523 1767 seditione
1544 1723 1591 1767 in
1613 1724 1789 1779 castris,
1814 1726 1926 1771 reli-

272 1808 471 1857 querunt
492 1814 566 1844 me
587 1800 734 1843 solum
755 1798 800 1841 in
825 1798 1036 1841 tentorio.
1061 1798 1186 1851 Inde,
1211 1813 1355 1855 puero
1370 1800 1552 1854 comite,
1572 1815 1831 1859 compressa
1846 1818 1923 1849 se·-

272 1878 460 1931 ditione,
485 1892 567 1935 per
587 1876 737 1921 media
757 1882 907 1919 castra
930 1875 1041 1919 redii
1064 1875 1111 1918 in
1132 1876 1307 1928 vrbem,
1329 1890 1420 1932 quo
1436 1884 1681 1934 antequam
1698 1879 1922 1935 venirem,

343 2043 355 2063 *¹
409 2040 490 2082 Se.‚
509 2039 559 2075 de
577 2038 732 2085 Ignatio
751 2037 915 2084 ejusque
927 2036 1058 2073 sociis.

341 2103 356 2123 2
407 2100 502 2135 Post
519 2100 687 2135 verbum
703 2098 822 2134 nulla
841 2097 1052 2144 scripserat
1070 2097 1194 2133 Nadal
1214 2109 1271 2139 re,
1291 2097 1363 2133 sed
1379 2100 1639 2135 cancellatum
1653 2100 1823 2138 videtur.

342 2162 357 2182 ³
407 2158 664 2197 Communius
682 2158 896 2194 catalauni
912 2157 1034 2193 latine
1051 2157 1235 2192 dicuntur
1252 2157 1405 2193 incolae
1422 2159 1648 2205 provinciae
1667 2160 1925 2199 Catalauniae

269 2221 310 2257 in
328 2219 534 2267 Hispania,
553 2217 755 2266 hispanice
773 2228 868 2252 vero
886 2218 1105 2253 catalanes.
1132 2216 1356 2253 Discrimen
1382 2229 1477 2253 vero
1496 2218 1617 2266 vitae,
1641 2220 1705 2256 cui
1727 2221 1925 2258 obnoxius

270 2280 477 2317 Avenione
494 2278 570 2315 fuit
587 2278 727 2323 Nadal,
745 2277 838 2313 vide
861 2276 975 2322 infra,
995 2278 1194 2323 JIMENEZ,
1217 2276 1439 2313 Comment.
1459 2290 1526 2314 nn.
1546 2287 1582 2324 7,
1602 2279 1624 2314 8
1642 2286 1683 2316 et
1699 2291 1735 2326 9.

339 2343 356 2364 ⁴
405 2341 514 2376 Inter
530 2350 712 2387 proceres
730 2337 1024 2384 majoricenses,
1042 2337 1109 2385 qui
1133 2337 1316 2374 Carolum
1340 2337 1617 2385 imperatorem
1639 2351 1743 2376 anno
1769 2349 1856 2387 1541
1877 2341 1922 2378 in

267 2401 375 2437 illam
393 2402 532 2436 urbem
556 2397 846 2445 ingredientem
871 2397 1086 2445 stipabant,
1110 2398 1322 2433 umbellam
1346 2397 1534 2443 ferentes,
1558 2399 1752 2446 reperitur
1775 2401 1921 2439 Petrus

267 2460 499 2498 Malferit-et
515 2459 650 2503 Vivot‚
669 2457 736 2506 qui
760 2462 911 2505 postea,
936 2467 1038 2492 anno
1063 2456 1169 2503 1562,
1195 2468 1358 2492 munere
1381 2458 1555 2505 supremi
1573 2459 1719 2506 judicis
1736 2461 1922 2507 (veguer)

266 2520 464 2568 Majoricis
487 2519 741 2565 fungebatur.
767 2516 829 2554 Cf.
855 2517 1172 2563 DAMETo-MUT‚
1189 2517 1297 2552 Hist.
1317 2518 1365 2552 de
1383 2517 1599 2561 Mallorca,
1619 2524 1647 2555 t.
1674 2520 1745 2564 III,
1769 2519 1839 2556 lib.
1863 2522 1919 2566 X,

265 2593 352 2628 cap.
367 2579 404 2626 3;
421 2585 462 2616 et
476 2585 505 2616 t.
521 2580 574 2626 ΙΙ,
588 2582 720 2623 annot.
736 2585 798 2624 79,
813 2588 902 2624 pag.
918 2575 1003 2623 3693
1019 2581 1060 2612 et
1069 2575 1323 2623 CAMPANER,
1338 2575 1487 2612 Chron.
1502 2579 1711 2624 mayoric„
1723 2590 1814 2626 pag.
1828 2579 1924 2626 3153v

266 2648 307 2677 et
331 2639 504 2686 285-286‚
533 2638 602 2675 ubi
626 2638 730 2674 inter
748 2637 898 2684 juratos
922 2648 994 2672 seu
1017 2641 1219 2672 senatores
1248 2635 1527 2683 majoricenses
1550 2637 1751 2675 invenitur
1773 2639 1926 2676 Petrus

265 2699 437 2737 Malferit
454 2698 567 2735 annis
589 2697 695 2744 1536,
717 2695 808 2743 1543
826 2702 866 2732 et
887 2696 992 2741 1558.

337 2762 351 2783 ⁵
401 2760 613 2806 Perperam
631 2757 834 2804 scriptum,
853 2767 922 2803 pro
942 2755 1150 2798 Lunellus,
1169 2755 1228 2791 sic
1244 2755 1349 2791 enim
1367 2749 1637 2803 appellabatur
1654 2757 1833 2795 minister
1847 2770 1917 2806 ge-

264 2820 410 2856 neralis
428 2818 478 2857 O.
498 2819 551 2854 M.
572 2818 849 2855 «Celebratum
866 2817 1019 2851 est-hoc
1031 2826 1162 2851 annno
1179 2814 1305 2861 (1535)
1323 2815 1548 2863 Capitulum
1564 2819 1752 2863 generale
1769 2817 1916 2856 Obser-

264 2886 427 2916 vantum
445 2879 486 2915 in
502 2877 694 2914 coenobio
711 2876 879 2912 Sanctae
898 2875 1036 2912 Crucis
1054 2875 1163 2911 urbis
1186 2875 1400 2923 Niciensis‚
1425 2876 1655 2913 Prouinciae
1680 2878 1815 2915 Sancti
1840 2879 1919 2915 Lu-

265 2939 409 2983 douici,
429 2939 472 2974 in
493 2937 631 2984 vigilia
653 2937 925 2981 Pentecostes‚
950 2935 991 2971 in
1013 2947 1092 2983 quo
1115 2936 1267 2971 electus
1290 2941 1353 2971 est
1375 2935 1416 2971 in
1440 2935 1662 2972 Ministrum
1686 2939 1913 2983 generalem

264 2998 499 3035 Vincentius
517 2997 720 3040 Lunellus,
738 2994 962 3043 prouinciae
980 2994 1321 3042 Carthaginensis,
1335 2994 1565 3042 perfunctus
1579 2995 1708 3033 officio
1721 2997 1915 3035 Commis-

265 3058 357 3094 sarii
373 3057 570 3104 generalis
589 3055 769 3094 Curiae.»
789 3055 990 3101 WAD1NG‚
1009 3055 1162 3105 Annal.
1183 3054 1351 3097 Minor„
1368 3055 1478 3101 VIII,
1493 3064 1576 3101 594.
