2028 3484
725 299 772 338 29
797 289 1046 328 Novmfflms
1075 298 1166 338 1554
1402 259 1407 265 ⁷
1701 292 1771 342 273

216 395 258 439 Y
279 395 338 440 V.
363 410 421 439 m.
444 410 527 453 por
549 394 591 440 el
612 393 713 440 celo
735 407 825 450 que
847 392 970 438 tiene
990 393 1049 438 de
1070 394 1114 437 13
1135 394 1280 450 gloria
1303 395 1361 440 de
1383 395 1534 440 Cristo
1561 411 1591 453 y
1619 398 1772 442 salua-

128 472 222 516 tion
243 473 302 518 de
323 474 389 517 las
410 472 599 526 animas,
629 471 864 528 ayfidenos
886 485 974 514 con
995 485 1075 529 sus
1102 471 1338 517 oraciones
1360 488 1390 529 y
1418 473 1665 518 sacrificios
1689 489 1776 532 por

129 550 172 595 el
193 565 381 605 mesmo,
412 554 439 594 ἐι
467 549 604 606 quien
631 549 769 607 plega
795 547 914 593 viuir
941 562 1029 592 con
1056 548 1320 594 abundante
1348 549 1503 606 gracia
1530 551 1771 596 continua-

129 634 282 672 mente
303 643 361 673 en
381 634 591 673 nuestras
613 625 801 671 einimas.

216 702 288 750 De
309 707 468 759 Roma,
495 717 546 749 21
568 704 627 749 de
647 703 928 749 Nouiembre
955 713 1084 759 1554.

261 771 265 775 ⁵
781 782 853 826 De
875 782 932 826 V.
955 796 1016 824 m.
1042 780 1197 826 sieruo
1215 796 1275 827 en
1291 782 1434 839 Xpo.,

994 858 1024 917 †
1056 859 1359 977 HIEflssnrno
1382 860 1571 905 NADAL.

215 1015 358 1060 Nulla
380 1015 487 1059 huic
513 1015 722 1072 epistolae
750 1013 990 1070 inscriptio
1017 1014 1223 1071 apposita
1251 1017 1329 1067 est,
1357 1014 1479 1058 unde
1499 1016 1604 1058 erui
1623 1017 1770 1073 possit

126 1094 312 1136 cuinam
339 1094 484 1138 missa
504 1093 675 1151 fuerit,
702 1106 785 1136 nec
812 1092 959 1135 ullum
997 1095 1118 1135 extat
1145 1092 1197 1135 in
1228 1105 1280 1134 ea
1317 1092 1468 1150 sigilli
1502 1094 1764 1151 vestigium.

106 1193 108 1195 >
126 1171 253 1214 Haec
273 1171 582 1214 tantummodo
603 1171 654 1214 in
674 1170 896 1227 margine
917 1172 1110 1226 quartae
1123 1170 1334 1227 paginae
1364 1169 1420 1213 ab
1442 1171 1603 1227 ignota
1624 1186 1767 1215 manu

125 1252 320 1292 exarata
341 1252 579 1306 apparent:
606 1257 733 1303 1554.
760 1247 906 1304 Quasi
928 1246 1286 1304 quadrimestris.

898 1479 987 1520 69

598 1582 930 1619 MATTHAEUS
956 1581 1285 1619 CASALAYNA

469 1680 532 1723 P.
588 1679 1089 1723 HIERONYMO
1142 1680 1422 1724 NADAL

543 1781 799 1834 Messanae,
821 1792 877 1839 29
894 1779 1167 1840 Novembris
1189 1790 1301 1836 1554
1320 1782 1349 1825 ¹.

121 1891 157 1927 Ι,
172 1886 211 1918 ’2.
232 1882 292 1918 De
308 1882 426 1918 domo
449 1882 795 1927 messanensi.—3.
821 1882 883 1917 De
906 1882 1159 1918 institutione
1182 1883 1422 1919 monasterii
1443 1885 1574 1920 sancti
1595 1885 1765 1922 A‘Iichae-

191 1942 352 1987 lis.—4.
385 1942 446 1977 De
469 1942 584 1978 novis
609 1941 821 1977 Societatis
844 1942 1063 1978 domiciliis
1089 1941 1271 1978 Catanae
1295 1945 1333 1978 et
1356 1943 1625 1990 Syracusis.—
1635 1955 1672 1989 5.
1705 1946 1766 1981 De

191 2013 479 2038 conversarum
497 2001 717 2037 domo.—-6.
738 2002 898 2037 Prorex
915 2001 1172 2037 Panormum
1186 2002 1476 2051 proficiscitur.

929 2085 959 2143 †

210 2183 355 2227 Molto
377 2182 492 2226 Rdo.
520 2181 669 2227 Padre
690 2189 736 2227 et
758 2180 928 2238 Signor
949 2180 1055 2225 mio.

217 2272 254 2304 1.
320 2259 526 2305 Essendo
547 2266 667 2303 stato
688 2257 940 2304 cerciorato
961 2258 1004 2302 13
1027 2260 1081 2302 P.
1107 2259 1164 2303 V.
1198 2260 1369 2305 hauere
1397 2260 1597 2306 arriuato
1624 2278 1651 2307 a
1675 2264 1765 2307 bon

122 2337 403 2382 saluamento
424 2336 471 2380 in
492 2343 655 2394 questa
675 2335 801 2389 citta,
827 2337 889 2378 m'
913 2336 972 2380 ha
994 2345 1255 2392 parso'cosa
1276 2338 1448 2382 deuuta
1468 2354 1551 2396 per
1567 2340 1610 2383 13
1626 2341 1763 2384 molta

122 2414 383 2470 deuotione,
407 2414 563 2471 obligo
584 2421 631 2459 et
652 2413 827 2459 seruitii
850 2420 990 2470 tengo
1012 2412 1059 2456 in
1081 2415 1194 2472 Jesn
1221 2414 1422 2471 Christo,
1447 2423 1494 2461 et
1521 2418 1655 2474 depoi
1675 2420 1702 2461 3
1723 2419 1765 2461 13

125 2494 177 2536 P.
204 2493 283 2547 V.‚
309 2491 409 2535 farli
430 2491 667 2537 intendere
689 2506 819 2536 come
838 2490 883 2534 di
906 2490 968 2534 tal
989 2505 1111 2534 noua
1132 2490 1176 2534 io
1208 2505 1295 2535 con
1324 2499 1444 2537 tutta
1470 2493 1514 2537 la
1543 2494 1633 2538 mia
1660 2509 1765 2539 casa

122 2568 286 2613 insimo
313 2567 409 2630 [sic]
436 2569 577 2613 molto
605 2567 842 2626 relegrati,
874 2575 921 2614 et
947 2583 1029 2625 per
1056 2567 1127 2612 cio
1149 2570 1188 2612 s’
1218 2570 1278 2613 ha
1306 2562 1584 2628 rengratiato
1611 2587 1765 2615 suma-

122 2654 276 2691 mente
296 2647 341 2692 la
359 2645 668 2691 misericordia
687 2646 746 2691 de
766 2645 855 2690 Dio
877 2652 1038 2690 nostro
1061 2644 1258 2702 Signore
1279 2653 1326 2691 et
1347 2647 1467 2691 cossi
1488 2648 1532 2691 13
1547 2663 1764 2706 pregamo

123 2722 170 2766 ui
197 2724 399 2769 conceda
431 2722 668 2769 intendere
700 2738 781 2780 per
808 2723 852 2766 lo
885 2723 1039 2766 futuro
1072 2737 1154 2779 per
1186 2723 1403 2781 complire
1432 2724 1462 2767 il
1490 2740 1573 2769 suo
1606 2733 1763 2770 sancto

124 2800 326 2846 seruitio.

211 2890 253 2923 2.
321 2878 549 2924 Hauendo
569 2884 781 2923 mancato
802 2878 846 2921 13
869 2879 922 2922 Ρ.
949 2879 1006 2922 V.
1027 2877 1085 2923 da
1109 2885 1272 2934 questo
1287 2892 1431 2936 regno
1450 2886 1575 2923 tanto
1593 2887 1759 2937 tempo,

198 3067 208 3087 ¹
260 3065 320 3100 Ex
337 3065 592 3112 autographo,
611 3063 652 3100 in
670 3064 800 3112 Epist.
820 3063 973 3107 Mixtis,
989 3064 1067 3100 vol.
1086 3065 1132 3111 E,
1146 3063 1292 3111 duplici
1311 3064 1395 3110 fol„
1409 3063 1456 3099 86
1468 3068 1583 3110 (171).
1599 3066 1764 3103 Abscisa

125 3129 186 3161 est
207 3124 285 3160 ima
301 3124 465 3160 secundi
481 3123 564 3160 folii
581 3135 684 3171 pars.

274 3195 388 3225 Emsr.
411 3195 453 3224 P.
475 3195 611 3231 NADAL,
631 3202 697 3224 Tou
734 3194 760 3224 1.
1491 3195 1524 3226 18
