2020 3464
875 259 1096 296 APPENnxx
1735 259 1807 306 807

253 355 332 402 Sic
354 357 525 400 factum
546 363 618 401 est
637 355 795 400 diuino
815 355 1040 400 beneficio
1061 363 1113 400 ut
1133 355 1327 401 diuersis
1354 355 1620 401 meritorum
1650 356 1806 414 gradi-

166 417 252 460 bus
274 415 396 460 aucti
418 418 603 460 domum
624 415 741 460 salui
762 422 809 460 et
822 415 931 460 laeti
947 430 1105 460 omnes
1121 422 1477 470 reuerterentur,
1496 422 1676 473 praeter
1691 431 1806 473 pau-

166 490 245 519 cos
280 476 519 532 quosdam,
554 490 669 532 quos
699 475 789 519 iam
821 476 1044 519 affuturos
1075 475 1362 519 confidimus.
1399 478 1489 519 Pro
1525 490 1576 520 se
1612 475 1807 532 quisque

165 535 416 588 laborabat,
441 550 501 580 ne
521 536 657 591 culpa
677 549 762 578 sua
781 533 1015 579 inuentam
1037 534 1330 592 margaritam
1352 534 1596 588 amitteret,
1628 536 1806 579 nullum

167 594 534 651 praetermittens
560 594 888 647 adiumentum,
921 595 1043 651 quod
1070 595 1129 638 ad
1155 594 1372 638 maiorem
1399 595 1627 639 conferret
1656 595 1807 651 perfe-

167 654 380 707 ctionem,
405 655 463 698 ad
489 669 626 710 quam
653 668 811 697 omnes
839 668 930 697 una
956 653 1172 710 aspirare,
1205 654 1282 698 uel
1308 653 1461 710 potius
1488 653 1808 699 honestissime

167 713 427 770 conspirare
452 713 737 757 uidebantur.
748 747 757 756 .
768 747 777 756 .

256 772 431 817 Videns
460 775 514 817 Ρ.
544 773 719 817 Natalis
747 772 902 828 templi
933 771 1222 824 breuitatem,
1262 786 1354 827 quo
1390 786 1549 815 sumus
1586 773 1809 816 hactenus

166 832 252 886 usi,
284 831 452 876 nostris
488 832 712 877 obeundis
738 830 1004 876 muneribus
1031 830 1385 887 ministeriisque
1411 830 1677 876 exercendis
1704 828 1808 887 plu-

164 891 327 935 rimum
349 893 526 945 obesse,
551 891 792 937 consilium
813 892 1042 948 quoddam
1064 890 1296 947 singulare
1322 890 1472 943 iniuit,
1507 897 1560 934 ut
1587 890 1734 933 maius
1762 898 1808 935 et

162 951 377 1008 capacius
398 951 520 995 aliud
542 951 858 996 aedificaretur
879 951 936 994 ad
959 957 1155 1007 tempus,
1180 951 1289 994 dum
1316 951 1456 1007 longe
1483 949 1594 993 illud
1620 950 1806 1006 amplis-

95 1016 97 1018 '
162 1011 328 1055 simum
350 1011 397 1054 in
418 1012 586 1054 multos
607 1025 754 1054 annos
775 1011 1064 1062 conderetur,
1089 1009 1220 1054 cuius
1242 1017 1452 1067 sumptus
1473 1016 1521 1054 et
1547 1009 1688 1052 totius
1710 1010 1806 1052 col—

163 1070 273 1128 legii
293 1070 558 1116 oeconomia
576 1070 796 1115 dilatIOne
816 1069 967 1126 aliqua
986 1069 1169 1113 videtur
1190 1069 1412 1126 indigere.
1438 1071 1504 1113 Eo
1525 1068 1615 1112 iam
1637 1069 1806 1125 perdu—

163 1137 287 1174 ctum
311 1137 363 1174 ut
382 1144 553 1174 nouam
573 1130 622 1173 in
637 1145 765 1187 spem
784 1129 1021 1173 ueniamus
1042 1144 1264 1173 summam
1281 1129 1603 1186 imponendam
1620 1143 1806 1172 manum

161 1190 364 1234 calendis
385 1189 676 1234 Nouembris:
700 1204 786 1234 nec
807 1189 992 1233 omnino
1013 1188 1218 1245 impensa
1238 1189 1368 1245 perit;
1394 1188 1617 1244 siquidem
1634 1202 1688 1232 ea
1704 1203 1805 1231 mo-

163 1249 338 1293 deratio
360 1249 618 1303 adhibetur,
642 1257 694 1292 ut
715 1256 816 1306 post
837 1248 995 1305 templi
1017 1263 1168 1301 usum,
1193 1249 1485 1292 commodum
1512 1255 1693 1291 maneat
1722 1262 1805 1291 cu—

163 1309 327 1353 biculis
347 1308 620 1354 aedificium.
647 1310 788 1352 Erant
809 1308 918 1352 huic
939 1307 1132 1364 collegio
1148 1308 1397 1353 sacerdotis
1413 1307 1650 1351 cuiusdam
1668 1308 1805 1352 aedes

162 1368 426 1425 contiguae,
471 1383 584 1425 quas
624 1375 885 1412 nostrarum
922 1367 1182 1424 excogitata
1217 1367 1458 1425 longitudo
1494 1367 1801 1424 pertingebat.

162 1428 298 1473 Multi
318 1428 407 1472 iam
428 1430 655 1473 fluxerant
675 1427 798 1481 anni,
824 1442 929 1472 cum
950 1427 1074 1484 regis
1095 1426 1284 1484 imperio
1305 1427 1428 1471 mille
1443 1426 1654 1470 ducentis
1669 1441 1802 1470 coro-

161 1487 280 1532 natis
317 1487 467 1533 aureis
499 1488 681 1532 fuerant
710 1487 990 1541 aestimatae;
1031 1487 1164 1543 cujus
1191 1501 1396 1531 summae
1427 1485 1618 1543 penuria
1645 1485 1804 1529 aedifi-

160 1547 310 1603 ciique
330 1547 567 1604 perexigui
583 1562 856 1604 progressus
873 1546 1147 1603 emptionem
1164 1546 1450 1591 distulerant.
1471 1545 1650 1591 Certior
1666 1545 1804 1589 huius

162 1606 227 1652 rei
250 1608 414 1662 factus,
438 1607 537 1650 illas
567 1606 673 1650 uisit
701 1610 755 1651 P.
787 1606 987 1659 Natalis,
1011 1613 1058 1650 et
1085 1606 1218 1650 valde
1245 1605 1525 1651 necessarias
1553 1620 1655 1650 esse
1681 1604 1804 1648 iudi-

161 1681 286 1719 cans,
312 1673 364 1710 ut
384 1666 560 1711 externi
581 1666 718 1710 huius
740 1666 925 1723 collegii
953 1665 1162 1720 ministri,
1194 1665 1272 1722 qui
1298 1672 1407 1709 sunt
1435 1664 1665 1721 permulti,
1695 1679 1799 1707 cum

159 1725 334 1771 minore
356 1727 546 1769 fratrum
576 1725 918 1782 perturbatione
945 1725 1218 1779 habitarent3
1250 1732 1494 1781 antequam
1526 1724 1798 1779 discederet,

160 1785 285 1830 dedit
321 1800 506 1842 operam
536 1792 586 1828 ut
615 1792 889 1838 emerentur,
923 1784 1054 1841 pretii
1080 1792 1208 1842 parte
1236 1784 1387 1840 aliqua
1414 1783 1597 1827 domino
1635 1784 1799 1835 soluta,

161 1860 298 1900 quam
318 1844 478 1902 regina
498 1844 723 1901 erogauit.
749 1844 1068 1901 Significatum
1096 1844 1232 1889 etiam
1259 1844 1392 1887 nobis
1419 1851 1506 1898 est,
1538 1858 1618 1899 per
1645 1843 1801 1887 literas

162 1903 467 1961 Olyssippone
488 1904 662 1957 missas,
690 1904 839 1948 Patris
860 1903 1036 1948 Natalis
1052 1905 1254 1949 aduentu
1272 1904 1478 1948 eamdem
1495 1902 1700 1959 reginam
1718 1903 1802 1945 do-

160 1971 280 2007 ctam
302 1978 403 2009 esse
418 1964 477 2008 de
493 1964 678 2020 templo,
699 1964 822 2019 quod
837 1963 1170 2016 inchoauimus,
1191 1970 1237 2008 et
1254 1963 1413 2019 quanti
1430 1963 1596 2007 referat
1612 1961 1799 2005 inchoa-

161 2031 257 2067 tum
287 2023 458 2080 perfici,
490 2030 537 2067 et
566 2022 813 2079 superioris
845 2022 952 2066 anni
984 2023 1241 2067 aedificium
1278 2022 1561 2066 contabulari
1598 2029 1645 2064 et
1677 2021 1802 2065 calce

158 2082 417 2136 incrustari,
442 2089 494 2126 ut
516 2083 799 2126 commodam
823 2082 1038 2126 fratribus
1059 2084 1274 2139 praebeat
1294 2081 1638 2134 habitationem3
1664 2082 1799 2124 obse-

158 2148 421 2198 cratamque
441 2157 543 2187 esse
565 2149 616 2186 ut
636 2142 897 2198 incoeptum
918 2143 1060 2187 uellet
1079 2142 1262 2186 iuuare:
1288 2143 1512 2186 facturam
1534 2155 1584 2185 se
1612 2154 1802 2197 respon-

157 2202 239 2246 dit.
265 2202 512 2258 Speramus
533 2216 627 2246 non
647 2216 807 2259 parum
829 2201 935 2246 inde
957 2216 1041 2245 nos
1063 2216 1164 2247 esse
1185 2201 1466 2245 iuuandos...
1496 2202 1525 2243 ¹.

951 2269 1002 2302 16

247 2321 324 2364 Ex
354 2321 438 2364 litt.
475 2321 707 2377 quadrim.
732 2320 932 2378 Joannis
959 2321 1257 2364 Hernandez.
1290 2321 1565 2377 Ulyssspone,
1594 2330 1652 2361 22
1680 2318 1799 2373 Sept.

162 2382 412 2435 Ι561.--...
433 2381 487 2423 ΕΙ
502 2379 660 2424 vltimo
677 2381 734 2424 de
749 2380 880 2436 julho
895 2381 1034 2437 lhego
1054 2381 1097 2424 el
1119 2382 1200 2423 P.e
1226 2381 1374 2424 Nadal
1395 2384 1421 2422 a
1443 2385 1541 2423 esta
1557 2392 1678 2431 casa,
1698 2391 1803 2433 par-

160 2439 367 2484 tiendose
387 2440 445 2484 de
465 2430 630 2494 Evora,
654 2440 804 2483 donde
833 2446 966 2483 truxo
993 2454 1106 2483 vnas
1130 2440 1294 2493 febres,
1319 2446 1483 2496 puesto
1502 2453 1602 2493 ‘que
1630 2450 1799 2493 peque-

160 2500 291 2552 nhas,
315 2499 382 2542 las
410 2499 568 2556 quales
594 2500 766 2555 lueguo
797 2499 840 2544 le
860 2500 1072 2544 dexaron.
1105 2500 1170 2543 La
1191 2498 1484 2555 concolacion
1510 2512 1541 2554 y
1563 2502 1800 2540 contenta-

159 2558 329 2601 miento
352 2573 442 2614 que
463 2559 595 2602 todos
623 2558 874 2614 recebimos
901 2559 979 2602 fue
1005 2558 1100 2602 mui
1121 2559 1311 2614 grande,
1341 2573 1370 2614 y
1400 2564 1527 2600 tanto
1555 2562 1727 2612 quanto
1758 2555 1802 2598 la

160 2621 296 2661 razon
318 2618 363 2660 lo
384 2618 517 2674 pedia
543 2632 626 2674 por
646 2624 855 2675 respecto
877 2619 934 2662 de
955 2633 1009 2661 su
1032 2618 1195 2673 officio,
1222 2633 1251 2674 y
1272 2619 1315 2661 la
1336 2617 1551 2660 charidad
1579 2629 1663 2659 nos
1684 2614 1802 2658 obli-

158 2691 280 2734 gaua
295 2676 429 2732 junto
451 2691 539 2720 con
560 2678 603 2722 el
624 2677 805 2734 proprio
828 2680 1058 2734 prouecho
1075 2677 1307 2733 espiritual
1326 2691 1415 2732 que
1431 2677 1544 2719 cada
1560 2689 1651 2718 vno
1668 2688 1800 2730 espe-

157 2751 269 2779 raua
289 2736 479 2791 recebir.
505 2738 546 2780 Y
568 2740 634 2781 asi
656 2737 755 2791 fue3
787 2751 960 2793 porque
981 2738 1176 2792 despues
1204 2751 1293 2793 que
1314 2736 1416 2779 hizo
1444 2736 1638 2791 algunas
1666 2733 1799 2789 plati-

156 2809 235 2839 cas
256 2810 286 2851 y
309 2799 454 2840 tracto
482 2811 540 2840 en
567 2796 825 2852 particular,
858 2811 907 2840 se
928 2795 1003 2839 vio
1031 2796 1432 2839 clarissimamente
1460 2796 1503 2839 el
1534 2795 1681 2837 fructo
1710 2807 1800 2848 que

156 2855 294 2898 todos
307 2855 601 2910 recebiamos.
628 2857 698 2899 En
715 2862 936 2912 quarenta
951 2856 1048 2898 dias
1063 2870 1151 2911 que
1168 2859 1274 2912 aqui
1292 2862 1456 2900 estuuo
1479 2853 1583 2897 hizo
1607 2852 1801 2908 siempre

155 2915 347 2957 muchas
370 2913 573 2970 platicas,
600 2928 664 2958 un
685 2916 759 2959 dia
780 2913 866 2973 [si],
892 2930 921 2971 y
943 2922 1042 2958 otro
1063 2929 1139 2967 no,
1172 2916 1301 2959 todas
1328 2915 1403 2958 del
1430 2913 1638 2956 instituto
1670 2912 1727 2955 de
1758 2911 1802 2954 la

157 2974 457 3030 Companhia,
481 2974 755 3019 declarando
778 2976 844 3019 las
866 2974 1011 3019 dudas
1034 2989 1064 3031 y
1086 2973 1264 3018 tirando
1286 2974 1353 3018 los
1375 2972 1644 3029 escrupulos
1665 2986 1695 3028 y
1719 2984 1800 3014 en-

222 3097 252 3128 '¹
302 3104 423 3152 Ibid.,
440 3104 507 3141 fol.
526 3112 587 3150 50.
