2066 3490
0 2407 9 2462 ,ἱ

0 2466 6 2508 ;

0 2510 12 2552 ‚⁹

897 299 1101 345 1545-1546
1779 310 1822 347 17

262 409 336 454 45.
402 400 516 442 Post
537 395 873 441 confessionem
889 395 1003 439 dixit
1022 398 1159 439 Pater
1175 397 1327 439 Deum
1345 395 1408 439 ita
1424 397 1558 450 velle,
1578 404 1644 449 vt,
1665 412 1825 452 quema

173 476 419 520 admodum
457 463 672 532 potentiis
700 473 868 517 nostris
895 473 1026 516 abusi
1057 487 1238 528 sumus,
1270 479 1320 515 vt
1349 480 1510 516 contra
1535 473 1635 516 eius
1661 475 1826 517 volun-

175 561 317 598 tatem
339 553 610 604 faceremus,
635 551 735 596 sine
755 550 877 595 illius
894 550 1058 608 gratia;
1084 550 1163 605 ita,
1183 557 1452 607 recuperata
1471 565 1553 607 per
1569 565 1828 595 sacramen-

177 638 274 674 tum
302 629 611 687 poenitentiae
644 628 808 686 gratia,
848 628 1065 685 potentiis
1101 634 1334 671 vteremur
1371 628 1430 671 ad
1459 627 1582 671 vitae
1614 630 1829 672 emenda-

141 728 152 742 ·
179 708 365 752 tionem.

269 786 342 840 46.
407 786 460 828 In
482 786 546 828 2.⁸
566 784 854 828 hebdomada
875 782 1091 826 maiorem
1108 782 1232 827 sensi
1249 784 1467 836 fructum,
1487 789 1532 826 et
1549 782 1827 839 singularem

178 863 227 906 in
242 863 422 906 duabus
437 861 808 905 meditationibus
826 860 950 918 regis
968 859 1228 916 temporalis
1244 867 1291 903 et
1307 860 1593 913 vexillorum,
1611 871 1830 917 magnum

178 940 227 985 in
247 938 476 996 mysteriis
497 938 620 982 vitae
641 938 720 982 X.i

268 1028 342 1072 47.
408 1018 582 1061 Verum
610 1015 688 1058 vbi
713 1014 821 1059 veni
851 1015 908 1059 ad
936 1014 1225 1067 electionem,
1267 1014 1332 1057 fui
1367 1015 1482 1058 adeo
1519 1015 1828 1072 perturbatus,

131 1125 133 1127 -
179 1097 295 1140 adeo
320 1094 583 1151 dissipatus,
623 1100 674 1136 vt
710 1107 796 1137 nec
834 1099 989 1137 mente
1020 1106 1107 1136 nec
1134 1107 1324 1149 corpore
1355 1092 1668 1137 consisterem:
1702 1107 1832 1136 mens

180 1173 392 1225 obscura,
416 1172 630 1215 voluntas
651 1171 819 1214 sterilis
841 1177 888 1214 et
909 1169 1155 1224 obstinata,
1186 1184 1353 1226 corpus
1381 1177 1428 1214 et
1455 1185 1481 1214 e
1507 1172 1760 1223 stomacho,
1786 1177 1832 1214 et

183 1265 209 1294 e
231 1249 395 1306 capite,
421 1255 468 1293 et
488 1264 515 1293 e
548 1248 662 1292 febri
685 1247 919 1292 afflictum:
952 1247 1222 1304 scripseram
1252 1247 1436 1303 quidem
1463 1249 1607 1291 multa
1629 1263 1687 1292 ex
1707 1255 1833 1291 vtra-

185 1342 276 1384 que
301 1326 478 1370 ratione
504 1325 756 1379 electionis3
788 1326 913 1368 nulla
948 1332 1100 1368 tamen
1135 1324 1312 1368 ratione
1346 1332 1550 1382 poteram
1584 1325 1832 1382 quidquam

184 1404 376 1449 definire
398 1419 471 1448 res
488 1405 604 1448 adeo
621 1402 835 1456 redierat,
855 1410 906 1446 vt
921 1403 1058 1459 plane
1072 1402 1308 1447 videretur
1324 1404 1609 1459 despondere
1631 1403 1831 1447 animum

186 1485 494 1526 Domenecus.
519 1483 679 1537 Itaque
707 1483 794 1535 17.⁰
817 1480 891 1524 die
913 1475 1048 1536 quam
1073 1481 1247 1524 fueram
1265 1480 1312 1523 in
1334 1480 1578 1534 exercitiis,
1603 1480 1717 1524 dixit
1738 1483 1835 1525 Do—

186 1574 418 1603 menecus:
444 1573 586 1615 quum
608 1557 697 1601 iam
720 1557 893 1614 aliq'uot
915 1557 1012 1601 dies
1034 1557 1389 1614 absumpsissem
1411 1558 1459 1601 in
1486 1559 1724 1612 electione,
1750 1574 1835 1603 nec

186 1636 434 1694 quidquam
456 1636 747 1687 conficerem,
772 1649 874 1679 esse
901 1635 1092 1678 vlterius
1120 1635 1521 1692 progrediendum.
1557 1635 1623 1679 Ibi
1651 1651 1741 1693 ego
1762 1651 1836 1680 re—

184 1715 391 1772 spondeo
412 1715 531 1757 velle
552 1728 626 1757 me
647 1728 702 1757 ea
723 1720 858 1756 nocte
880 1719 1156 1769 postremam
1186 1712 1404 1756 adhibere
1425 1713 1709 1771 diligentiam
1736 1716 1765 1758 ¹.

200 1820 209 1821 ff
275 1793 350 1846 48.
416 1793 519 1835 Hoc
548 1805 690 1847 quum
720 1789 956 1844 fecissem,
979 1789 1110 1840 affuit
1135 1789 1247 1833 mihi
1275 1790 1425 1847 gratia
1451 1791 1539 1835 Dei
1570 1791 1832 1849 singularis,

188 1877 250 1922 et,
281 1875 470 1925 accepto
506 1869 698 1922 calamo,
729 1867 793 1911 ita
819 1867 997 1923 scripsi,
1029 1874 1080 1910 vt
1106 1867 1293 1924 spiritus
1320 1868 1403 1911 X.i
1426 1883 1500 1912 me
1525 1883 1631 1912 cum
1659 1884 1837 1914 summa

186 1946 326 1990 animi
362 1945 679 1990 consolatione
715 1945 946 1988 mouebat:
983 1946 1249 1988 «Hactenus
1277 1946 1442 2002 collegi
1471 1961 1590 2001 quae
1624 1947 1752 2003 potui
1781 1963 1836 1992 ex

188 2031 381 2080 vtraque
402 2038 492 2076 v1a,
518 2030 565 2066 et
581 2022 797 2079 comperi,
823 2036 940 2077 quae
957 2028 1117 2065 contra
1137 2023 1152 2043 ³
1172 2030 1437 2077 occurrunt,
1458 2031 1550 2066 tam
1572 2039 1673 2068 esse
1690 2025 1835 2079 nihili,

191 2109 243 2145 vt
263 2116 357 2145 non
379 2100 515 2144 fuerit
531 2114 771 2144 necessum
794 2099 870 2142 illa
886 2098 1153 2142 nominatim
1170 2099 1359 2143 diluere:
1385 2101 1501 2145 adde
1518 2103 1641 2156 quod
1657 2109 1840 2146 contra-

196 2179 380 2222 rietates
400 2177 643 2221 videantur
663 2191 764 2220 esse
791 2175 943 2233 potius
971 2176 1356 2220 confirmationes.
1389 2179 1527 2233 Quod
1554 2194 1665 2223 vero
1697 2181 1712 2201 ⁵
1743 2195 1839 2223 ma—

197 2256 316 2299 xime
338 2254 539 2299 omnium
563 2269 636 2298 me
657 2262 827 2307 mouet,
854 2268 943 2310 ego
970 2254 1142 2296 nullam
1172 2254 1394 2298 rationem
1421 2255 1594 2309 inueni,
1626 2272 1744 2313 quae
1771 2258 1841 2300 vi—

196 2403 434 2448 d'attendre,
452 2415 550 2450 pour
566 2403 665 2452 fixer
682 2415 725 2439 sa
743 2403 940 2448 vocation,
959 2404 1130 2451 quelque
1152 2403 1457 2441 avertissement
1474 2409 1717 2443 surnaturel»
1743 2420 1842 2455 quae

197 2469 306 2499 certe
323 2475 412 2499 cum
430 2462 494 2509 iis,
511 2474 612 2510 quae
630 2462 679 2497 de
698 2461 828 2509 seipso
845 2467 976 2497 narrat
993 2462 1037 2496 P.
1058 2461 1199 2508 Nadal,
1217 2473 1295 2498 non
1313 2463 1472 2499 omnino
1494 2465 1746 2501 concordant.

273 2526 283 2545 ¹
334 2524 394 2558 Ex
417 2524 490 2559 hac
518 2523 761 2570 paragrapho
786 2526 827 2557 et
852 2521 1105 2568 praecedenti
1129 2521 1337 2569 perspicue
1368 2523 1493 2570 liquet
1516 2535 1593 2559 non
1616 2525 1656 2560 in
1682 2525 1843 2560 medita-

198 2583 307 2620 tione
324 2584 502 2618 duorum
519 2582 779 2623 vexillorum,
799 2581 870 2617 sed
887 2580 1035 2628 aliquot
1052 2581 1193 2617 diebus
1211 2587 1418 2629 postquam
1432 2583 1538 2619 illam
1556 2591 1776 2631 peregerat,
1795 2585 1844 2620 de

202 2641 411 2679 Societatis
440 2641 623 2677 instituto
640 2641 915 2688 amplectendo
933 2640 1036 2687 apud
1061 2652 1105 2676 se
1135 2641 1179 2676 P.
1200 2641 1325 2677 Nadal
1344 2642 1585 2687 decrevisse,
1605 2644 1722 2690 idque
1752 2650 1845 2680 voto

201 2702 466 2738 confirmasse.
481 2701 598 2738 Unde
611 2700 843 2747 corrigenda
857 2700 1055 2744 videntur,
1070 2712 1170 2747 quae
1184 2700 1342 2748 scripsit
1359 2703 1562 2747 BARTOLI,
1581 2704 1656 2738 loc.
1672 2703 1740 2750 cit,
1760 2704 1845 2740 scil.

205 2763 318 2798 «Alla
334 2762 427 2806 fine,
451 2760 590 2807 giunto
614 2762 690 2796 alla
713 2759 975 2795 meditazione
999 2759 1063 2795 de'
1088 2760 1165 2795 due
1190 2760 1414 2806 Stendardi,
1434 2762 1473 2796 di
1498 2762 1561 2797 cui
1585 2764 1636 2798 ho
1659 2765 1808 2810 parlato
1826 2775 1848 2799 a

203 2833 275 2857 suo
292 2822 425 2867 luogo,
442 2819 500 2866 gli
522 2831 729 2855 convenne
751 2818 931 2855 rendersi
955 2819 1080 2866 vinto,
1104 2831 1126 2855 e
1149 2818 1212 2855 eii>
1236 2822 1355 2856 allora
1379 2827 1551 2868 appunto
1569 2823 1641 2857 che
1660 2834 1709 2857 ne
1733 2834 1849 2869 parea

204 2882 271 2928 piu
287 2879 702 2917 lontano.»—«Arrive
721 2878 792 2923 (ait
808 2879 853 2913 P.
874 2879 1057 2925 MICHEL,
1076 2880 1150 2914 loc.
1166 2879 1252 2924 cit.)
1265 2880 1362 2916 dans
1376 2881 1412 2916 le
1426 2892 1540 2916 cours
1558 2880 1628 2916 des
1643 2882 1851 2918 Exercices

205 2941 227 2976 a
245 2942 282 2976 la
303 2939 536 2975 meditation
558 2938 630 2974 des
655 2939 760 2974 deux
783 2939 1012 2980 e'tendards,
1039 2937 1065 2974 il
1091 2939 1254 2974 s'avoua
1272 2940 1428 2984 vaincu,
1454 2952 1501 2975 au
1526 2947 1699 2976 moment
1722 2941 1849 2977 meme

205 3012 257 3036 ou
274 2999 301 3035 il
319 2997 526 3046 paraissait
542 2997 705 3034 resistet
722 2998 810 3044 plus
825 2996 1078 3032 fortement.»

279 3062 294 3081 ²
344 3058 371 3093 i.
391 3070 427 3093 e.
446 3062 581 3093 contra
598 3057 861 3092 vocationem.

282 3119 296 3139 ³
346 3118 436 3162 Ms.,
458 3117 578 3162 Quod
594 3127 688 3151 vero
703 3127 778 3150 me.

424 3187 542 3218 Emsr.
565 3186 599 3214 P.
619 3186 755 3221 ΝΑοΑι,
775 3194 853 3216 του.
872 3186 899 3214 Ι.
1660 3188 1678 3216 2
