2066 3490
875 330 1080 376 1545-1546
1757 339 1803 376 25

152 438 292 487 atque
313 432 603 476 admonerem
626 446 684 475 ne
706 438 798 475 tam
815 431 948 476 facile
963 433 1172 476 crederet
1186 432 1358 475 homini
1374 431 1552 489 ignoto,
1572 432 1703 488 quasi
1725 433 1802 488 qui

154 523 228 553 me
248 510 384 553 vellet
404 524 459 553 ea
478 509 703 553 industria
724 510 782 553 ab
804 509 1009 553 Antonio
1038 509 1251 554 alienare.
1285 509 1438 554 Subiit
1466 525 1539 553 me
1566 510 1802 566 paululum

153 586 441 640 turbationis,
466 594 512 631 et
534 586 657 630 volui
679 602 705 631 e
727 586 923 644 vestigio
940 601 1160 631 excusare
1175 586 1428 641 hominem;
1449 587 1633 630 subdidi
1651 594 1804 630 tamen

156 678 230 708 me
250 664 313 708 ita
334 665 578 718 facturum,
603 671 654 707 vt
675 664 877 708 iubebat.
903 664 1177 721 Respondit:
1202 666 1333 708 «Hoc
1349 664 1495 721 primo
1512 665 1612 707 loco
1631 664 1717 707 fuit
1733 663 1804 707 di-

108 735 113 740 *
152 742 396 787 cendum.»
438 741 580 786 Obiui
612 741 734 785 illam
765 741 1088 795 obedientiam,
1123 756 1209 785 nec
1230 741 1342 785 mihi
1363 741 1495 785 offuit
1516 742 1805 785 consuetudo

155 834 262 864 cum
282 819 486 863 eremita.

246 898 318 955 89.
384 897 475 941 Hic
486 896 726 941 sublimem
736 890 980 953 quamdam
995 897 1253 954 opinionem
1268 897 1523 941 sanctitatis
1534 897 1592 940 de
1605 899 1657 940 Ρ.
1671 898 1805 954 Igna-

74 1030 78 1034 ,
154 974 219 1019 tio
240 974 470 1031 concepit3
498 974 622 1018 Patri
646 982 798 1019 tamen
819 974 998 1032 Ignatio
1020 990 1113 1018 non
1135 976 1379 1019 admodum
1402 974 1589 1032 placuit,
1615 975 1672 1018 de
1693 989 1801 1030 quo,

156 1067 297 1109 quum
319 1067 409 1109 ego
430 1052 579 1109 ipsum
601 1053 949 1110 interrogarem,
979 1052 1080 1096 «hic
1103 1053 1277 1111 (inquit)
1300 1067 1394 1097 non
1417 1052 1590 1097 tenebit
1613 1066 1638 1108 3
1660 1066 1805 1096 annos

154 1115 311 1184 vitam,
351 1144 487 1186 quam
525 1129 769 1184 instituit»,
808 1131 933 1186 quod
969 1130 1106 1174 audio
1143 1130 1370 1184 euenisse,
1411 1145 1517 1173 nam
1547 1129 1804 1173 liberiorem

155 1208 293 1265 longe
315 1207 441 1251 illum
464 1207 699 1251 eremitam
721 1207 858 1252 audio
880 1207 1019 1251 vitam
1043 1223 1196 1265 agere.
1317 1202 1320 1205 ’

245 1300 319 1343 90.
385 1285 524 1329 Venit
544 1292 590 1328 et
607 1287 766 1329 Frater
783 1287 969 1329 Taxeda
988 1288 1017 1339 ¹,
1038 1288 1290 1329 monachus
1311 1301 1369 1329 ex
1385 1285 1544 1329 ordine
1560 1284 1803 1338 minorum,

157 1364 365 1417 Romam,
389 1370 440 1406 vt
461 1364 584 1419 quod
606 1378 698 1406 non
720 1370 898 1419 poterat
918 1378 945 1407 e
966 1363 1062 1407 suis
1083 1363 1308 1416 obtinere,
1338 1362 1386 1406 id
1413 1377 1552 1419 opera
1581 1370 1627 1406 et
1659 1361 1808 1419 gratia

156 1440 288 1484 ducis
309 1439 534 1495 Gandiae,
560 1440 639 1496 qui
666 1455 791 1484 nunc
818 1447 889 1485 est
917 1440 1145 1498 generalis
1172 1440 1458 1498 praepositus
1486 1440 1520 1494 ²,
1550 1453 1807 1495 conseque-

156 1525 304 1572 retur;
329 1520 626 1562 vehementer
647 1517 768 1562 enim
789 1519 1033 1562 affectabat
1053 1518 1313 1575 promoueri
1335 1518 1393 1562 ad
1414 1516 1739 1561 sacerdotium.

244 1608 317 1654 91.
384 1597 493 1639 Erat
514 1595 588 1639 hic
610 1595 953 1652 acceptissimus
977 1595 1103 1639 Patri
1125 1597 1161 1639 F
1164 1595 1386 1648 rancisco,
1419 1602 1603 1652 propter
1630 1593 1809 1651 opinio—

156 1687 262 1717 nem
293 1672 574 1730 singularem
602 1672 878 1726 deuotionis,
910 1680 956 1717 et
982 1688 1116 1717 vsum
1144 1673 1361 1717 eximium
1389 1671 1805 1729 contemplationis:

156 1751 338 1794 valebat
358 1749 467 1794 item
488 1750 760 1794 auctoritate
782 1751 905 1808 apud
928 1753 982 1794 P.
1009 1751 1243 1795 Andream
1271 1751 1329 1794 ab
1358 1750 1540 1795 Ouiedo
1573 1750 1588 1770 ³
1622 1756 1669 1793 et
1696 1748 1808 1792 alios

155 1834 352 1881 nostros,
379 1827 458 1883 qui
478 1835 608 1872 erant
628 1828 853 1882 Gandiae,
877 1829 1000 1885 apud
1021 1843 1137 1884 quos
1158 1843 1214 1873 eo
1236 1843 1308 1872 res
1335 1834 1562 1880 euaserat,
1593 1833 1644 1869 vt
1670 1825 1808 1870 huius

156 1905 368 1949 monachi
389 1906 463 1949 vel
484 1905 689 1959 consilio,
714 1906 788 1949 vel
809 1905 1077 1960 imitatione,
1103 1907 1270 1950 multas
1291 1907 1427 1949 horas
1448 1906 1612 1949 darent
1639 1903 1809 1947 oratio-

158 1982 223 2037 ni,
254 1983 313 2026 ad
334 1998 487 2039 quam,
518 1997 610 2039 quo
638 1991 792 2027 essent
819 1983 1138 2040 expeditiores,
1171 1991 1349 2028 tantum
1380 1982 1460 2026 vili
1488 1983 1725 2040 pulmento
1752 1995 1809 2025 ex

91 2095 94 2098 ι
158 2075 292 2117 pane,
318 2060 442 2116 quod
462 2059 622 2104 dicunt
643 2063 897 2118 gaspachos
919 2061 935 2082 ⁴
959 2060 1309 2122 [vescebantur].
1337 2062 1476 2104 Hunc
1493 2060 1588 2103 suis
1605 2058 1745 2102 literis
1762 2065 1809 2102 et

157 2137 257 2181 eius
279 2152 463 2181 causam
484 2137 548 2181 ita
569 2139 971 2182 commendauerat
990 2138 1235 2195 diligenter
1261 2153 1315 2182 ac
1342 2138 1546 2183 studiose
1575 2139 1628 2181 Ρ.
1660 2138 1696 2180 F
1699 2151 1806 2180 ran-

158 2214 324 2267 ciscus,
349 2216 438 2258 hoc
458 2215 553 2258 dux
574 2215 783 2259 Gandiae
807 2217 839 2268 ⁵,
866 2217 917 2259 P.
940 2216 1135 2273 Ignatio,
1160 2223 1211 2259 vt
1231 2215 1345 2259 nihil
1366 2215 1471 2260 addi
1492 2215 1551 2258 ad
1572 2228 1806 2258 commen—

157 2292 387 2336 dationem
408 2299 576 2349 posset.
644 2278 648 2282 5

247 2382 322 2428 92.
386 2370 477 2413 Hic
498 2372 750 2414 monachus
772 2370 882 2414 mihi
909 2385 963 2414 eo
991 2370 1174 2415 nomine
1199 2371 1445 2428 displicuit,
1477 2370 1600 2426 quod
1628 2375 1806 2426 praeter

155 2461 343 2491 suorum
365 2448 696 2504 praefectorum
719 2449 1018 2500 voluntatem,
1039 2463 1120 2505 per
1135 2455 1425 2492 externorum
1442 2447 1678 2490 hominum
1695 2460 1800 2502 gra-

159 2524 267 2568 tiam
289 2532 335 2568 et
363 2526 378 2548 ⁶

232 2682 245 2703 ¹
295 2679 380 2725 Sic;
399 2681 546 2716 rectius
563 2686 697 2716 tamen
714 2681 899 2716 scribitur
923 2681 1093 2723 Texeda,
1112 2682 1303 2728 (Joannes
1317 2681 1396 2726 de).

230 2742 245 2763 ⁸
294 2741 354 2775 Ex
370 2741 432 2776 his
450 2731 614 2785 eruitur,
631 2752 710 2788 quo
726 2746 904 2788 tempore
921 2741 996 2777 hoc
1016 2740 1243 2777 Chronicon
1257 2741 1459 2789 scripserit
1476 2739 1615 2782 Nadal,
1636 2749 1707 2782 sc.,
1726 2749 1805 2773 non

156 2805 249 2836 ante
266 2811 411 2835 annum
431 2800 536 2845 1565,
554 2812 632 2848 quo
657 2801 808 2836 electus
831 2800 906 2836 fuit
923 2801 965 2836 S.
987 2801 1219 2836 Franciscus
1242 2801 1292 2836 de
1316 2801 1431 2847 Borja
1458 2798 1668 2835 Societatis
1694 2808 1805 2844 prae-

155 2860 307 2907 positus
323 2860 534 2907 generalis.

227 2920 242 2941 ⁸
292 2920 336 2955 P.
358 2920 536 2955 Andreas
554 2919 604 2956 de
621 2919 791 2958 Oviedo.

227 2980 244 3000 ⁴
292 2979 503 3026 Perperam
533 2979 736 3026 scriptum,
767 2991 837 3027 pro
863 2980 1083 3026 gazpacho,
1110 2979 1215 3027 quod
1241 2984 1303 3015 est
1332 2979 1433 3015 offae
1463 2977 1631 3024 frigidae
1658 2987 1802 3023 genus,

155 3042 271 3085 pane,
290 3039 392 3082 ole0‚
411 3043 538 3083 aceto,
556 3038 722 3086 aliisque
739 3038 934 3085 adjunctis
952 3038 1167 3074 conditum.

229 3099 243 3120 ⁵
292 3097 456 3134 Carolus
472 3098 523 3134 de
539 3098 669 3144 Borja,
689 3098 973 3146 primogenitus
991 3098 1064 3134 S.ti
1091 3099 1303 3134 Francisci.

228 3158 244 3179 Β
292 3157 366 3192 His
383 3157 517 3194 verbis
534 3157 696 3205 explicit
715 3158 942 3194 Chronicon
958 3158 1004 3194 P.
1030 3158 1169 3202 Nadal,
1196 3169 1297 3205 quae
1323 3157 1581 3203 inexpletum,
1609 3159 1653 3190 ut
1675 3160 1798 3202 patet,
