2028 3484
827 274 870 313 17
895 267 1008 315 Jmm
1037 275 1128 314 1554
1726 272 1794 318 265

937 495 1016 538 6¹2

598 598 652 641 Ρ.
688 598 1103 644 HIERONYMUS
1135 599 1356 643 NADAL

487 703 729 742 SANCTO
766 705 1113 744 FRANCISCO
1152 707 1229 742 DE
1266 705 1461 753 BORJA

535 800 948 859 Caesaraugustae,
988 813 1039 858 17
1065 802 1192 861 Junii
1230 813 1342 858 1554
1377 804 1406 846 ¹.

149 906 401 943 1.Rumores
417 908 466 943 de
483 908 534 944 P.
553 908 769 945 Francisco
785 921 905 946 sacra
916 913 1111 958 purpura
1124 911 1398 959 insigniendo
1402 920 1486 947 —2.
1503 911 1594 947 Non
1609 913 1794 959 expedire

222 968 268 1001 ut
285 955 409 1002 talem
427 967 686 1015 dignitatem,
716 969 804 1005 sine
830 969 995 1007 licentia
1020 971 1071 1006 P.
1094 971 1318 1019 generalis,
1340 971 1546 1006 admittat.
1550 980 1635 1017 -3.
1671 971 1798 1007 Varia

223 1026 479 1063 incommoda
507 1031 735 1071 enumerat,
758 1041 861 1076 quae
884 1042 931 1066 ex
953 1030 1198 1067 admissione
1220 1030 1361 1079 galeri
1383 1030 1501 1066 rubri
1524 1031 1747 1067 orirentur:
1751 1053 1797 1057 -—

220 1095 261 1130 4.
288 1085 341 1122 Ut
358 1087 597 1133 quantocius
613 1088 661 1124 de
677 1089 749 1124 hoc
764 1090 926 1138 negotio
941 1090 997 1126 ad
1012 1090 1226 1139 Ignatium
1243 1090 1406 1132 scribat,
1425 1091 1582 1126 suadet.

965 1173 987 1208 †

915 1211 1015 1269 Jhs.

238 1304 335 1346 Pax
358 1302 434 1347 Xi.

243 1386 280 1417 1.
347 1374 512 1430 Padre,
537 1389 597 1419 no
618 1390 822 1433 pensaua
842 1391 933 1433 que
955 1383 1033 1421 tan
1054 1384 1210 1434 presto
1239 1392 1290 1422 se
1316 1391 1544 1422 renouase
1570 1377 1613 1422 el
1640 1390 1794 1420 rumor

146 1451 220 1495 del
241 1451 416 1508 capelo,
440 1467 471 1509 y
493 1452 651 1498 tande
671 1468 804 1498 veras
825 1468 959 1498 como
982 1456 1040 1499 V.
1066 1456 1121 1498 R.
1147 1470 1206 1511 ya
1227 1459 1336 1499 avra
1362 1454 1481 1498 visto
1508 1469 1590 1512 por
1617 1455 1684 1498 las
1712 1452 1792 1498 su—

145 1543 244 1584 yas,
270 1532 299 1572 ὁ
319 1533 428 1574 vera
448 1544 535 1587 por
556 1531 600 1574 la
627 1530 758 1588 copia
785 1545 875 1587 que
904 1547 962 1576 va
988 1546 1074 1575 con
1103 1539 1216 1577 esta.
1249 1533 1323 1576 Yo
1352 1547 1412 1576 no
1439 1538 1580 1589 tengo
1607 1532 1793 1589 palabra

146 1605 317 1663 alguna
337 1607 472 1653 sobre
493 1614 611 1662 esto,
636 1607 684 1652 ni
705 1608 779 1653 del
802 1610 854 1653 P.
881 1611 945 1654 M.
971 1610 1166 1674 Ignatio‚
1191 1609 1239 1654 ni
1260 1610 1335 1655 del
1358 1612 1411 1654 P.
1440 1610 1663 1664 Polanco;
1693 1610 1790 1653 solo

146 1697 220 1728 me
240 1683 391 1729 scriue
412 1684 730 1743 Ribadeneyra
750 1686 794 1729 10
816 1701 906 1742 que
927 1690 1036 1732 vera
1058 1688 1116 1731 V.
1143 1687 1198 1730 R.

239 1773 282 1805 2.
347 1763 418 1806 Yo
441 1770 562 1808 temo
584 1777 674 1820 que
695 1764 740 1807 lo
761 1778 851 1821 que
872 1765 915 1810 el
941 1779 1057 1821 papa
1080 1766 1140 1809 ha
1166 1764 1307 1810 serito
1335 1780 1397 1810 no
1425 1780 1504 1811 sea
1531 1780 1615 1823 por
1643 1765 1789 1809 infor—

220 1901 231 1921 ¹
280 1900 340 1935 Ex
357 1900 587 1948 archetypo,
605 1899 646 1936 in
663 1901 795 1948 Epist.
814 1901 971 1945 Natal„
991 1902 1023 1949 1,
1042 1901 1190 1949 duplici
1212 1902 1298 1950 fol„
1326 1911 1368 1948 15
1398 1901 1513 1949 (376).
1540 1903 1632 1939 Sola
1654 1902 1790 1939 inscri-

146 1958 229 2006 ptio
247 1963 309 1995 est
325 1961 580 2007 autographa.
601 1960 862 2008 Subscriptio,
887 1966 1044 2009 praeter
1067 1973 1215 1998 morem
1240 1962 1280 1998 in
1305 1962 1391 1998 aliis
1412 1962 1637 2010 archetypis
1660 1974 1790 1998 serva-

147 2023 245 2066 tum,
263 2031 381 2055 manu
399 2020 546 2056 librarii
563 2026 723 2056 exarata
741 2026 817 2057 est.
835 2022 895 2057 Ex
912 2022 985 2057 hac
1004 2021 1171 2069 epistola
1194 2022 1322 2058 Patris
1346 2022 1470 2059 Nadal
1494 2023 1637 2059 clarius
1661 2024 1790 2059 elucet

146 2089 263 2126 quam
279 2078 388 2115 cordi
405 2078 525 2115 fuerit
541 2081 740 2127 praeclaro
757 2080 849 2116 huic
866 2081 951 2117 viro
969 2082 1123 2128 integra
1140 2083 1388 2118 conservatio
1409 2083 1701 2119 institutionum
1725 2095 1789 2118 no-

145 2143 250 2174 strae
268 2137 495 2186 Societatis,
513 2145 554 2175 et
570 2145 716 2187 quanta
732 2139 938 2193 diligentia
955 2146 996 2177 et
1013 2141 1215 2178 alacritate
1229 2142 1394 2190 exsequi
1406 2144 1569 2179 curabat
1582 2154 1789 2190 quaecum-

145 2209 224 2246 que
246 2197 296 2234 ad
318 2198 433 2245 hujus
458 2199 605 2235 ordinis
628 2199 939 2237 incolumitatem
962 2202 1208 2249 spectabant.
1233 2202 1318 2239 Nec
1343 2202 1484 2238 mirum
1514 2202 1640 2238 videri
1669 2203 1788 2238 debet

145 2258 251 2306 quod
279 2258 324 2294 P.
355 2258 480 2295 Nadal
509 2259 687 2295 ‘nonnihil
719 2260 871 2296 timoris
901 2272 944 2296 se
975 2261 1122 2297 habere
1150 2262 1334 2299 ostendat
1363 2263 1404 2299 in
1429 2264 1502 2299 hac
1527 2262 1707 2310 epistola,
1738 2274 1787 2297 ne

147 2318 192 2354 P.
212 2318 444 2354 Franciscus
467 2318 516 2354 ad
537 2320 715 2366 galerum
738 2321 900 2362 rubrum
918 2319 1204 2358 admittendum
1227 2322 1368 2358 adduci
1391 2323 1530 2370 possit3
1557 2334 1647 2358 nam
1673 2321 1788 2357 timor

146 2378 224 2423 hic,
242 2390 321 2414 non
338 2377 379 2415 in
396 2378 587 2426 Hispania
603 2380 745 2426 solum,
764 2380 836 2416 sed
853 2380 972 2416 etiam
989 2381 1153 2429 Romae,
1171 2386 1266 2418 tunc
1289 2383 1477 2430 temporis
1502 2383 1787 2430 praevaluerat.

145 2439 195 2474 Et
211 2438 369 2474 aliunde
387 2439 431 2474 P.
451 2438 576 2475 Nadal
594 2439 746 2475 litteras
765 2452 787 2475 a
805 2441 992 2488 Polanco,
1010 2451 1060 2477 ex
1077 2442 1292 2488 commiss.,
1307 2442 1372 2478 die
1389 2451 1431 2488 15
1445 2442 1537 2489 Maji
1559 2450 1664 2488 1554,
1679 2453 1787 2477 acce-

145 2503 270 2545 perat,
288 2497 329 2534 in
345 2498 488 2546 quibus
505 2499 617 2546 ha'ec,
636 2498 739 2535 inter
756 2499 850 2547 alia,
864 2500 914 2536 de
927 2501 1001 2536 hoc
1014 2501 1175 2548 negotio
1187 2502 1480 2538 scribebantur:
1498 2502 1595 2537 «Del
1611 2502 1654 2536 P.
1671 2501 1787 2536 Fran-

144 2557 250 2594 cisco
285 2557 386 2594 anda
408 2558 550 2595 mucho
572 2571 705 2595 rumor
727 2571 797 2607 por
820 2554 890 2596 aea
911 2572 988 2608 que
1013 2561 1050 2597 le
1073 2561 1151 2597 han
1167 2561 1217 2598 de
1235 2562 1352 2598 hacer
1368 2561 1565 2606 cardenal,
1588 2573 1615 2608 y
1643 2572 1720 2607 que
1750 2561 1786 2595 el

143 2622 282 2665 acepta
295 2619 331 2654 el
348 2619 531 2665 capelo...
550 2618 695 2655 Pienso
712 2620 914 2656 escribirle
932 2632 1010 2656 una
1026 2621 1140 2669 letra,
1153 2633 1204 2658 en
1220 2634 1297 2670 que
1315 2624 1352 2659 16
1370 2622 1462 2669 diga
1479 2623 1516 2658 10
1530 2633 1606 2669 que
1620 2621 1747 2656 siento
1761 2632 1787 2666 y

143 2676 300 2713 sienten
316 2677 430 2714 todos
447 2690 541 2726 muy
558 2678 608 2714 de
628 2691 756 2716 veras.
776 2680 826 2716 V.
845 2681 893 2717 R.
913 2692 984 2728 por
1000 2681 1075 2717 alla
1093 2693 1143 2717 110
1161 2681 1265 2718 dudo
1278 2683 1371 2718 hara
1384 2683 1419 2718 el
1434 2681 1560 2717 officio
1576 2680 1697 2727 mejor
1710 2691 1786 2727 que

142 2736 344 2784 pudiere.»
362 2737 536 2786 Regest.‚
555 2738 606 2781 ΙΙ,
630 2737 912 2776 180-181.—Cf.
932 2740 1152 2788 POLANCO‚
1174 2741 1339 2785 Chron.,
1360 2742 1412 2788 ΙΙ,
1438 2740 1610 2787 425-4263
1641 2739 1788 2775 cartas

143 2797 191 2833 de
210 2796 251 2832 S.
271 2797 453 2845 Ignaci0‚
473 2798 689 2845 111,59-65;
708 2797 851 2835 iterum
870 2799 1089 2845 POLANCO,
1111 2800 1279 2844 Chron.‚
1302 2801 1372 2848 IV,
1395 2808 1574 2847 494-4953
1601 2804 1641 2835 et
1664 2797 1786 2834 CIEN-

144 2864 325 2899 FUEGOS,
358 2857 463 2893 Vida
485 2858 534 2894 de
559 2858 599 2894 S.
624 2858 842 2895 Francisco
864 2860 912 2895 de
936 2859 1224 2906 Borja...,1ib.
1251 2862 1321 2908 IV,
1346 2873 1431 2908 cap.
1458 2861 1507 2906 V,
1536 2861 1553 2906 ἓ
1575 2869 1611 2904 4.
1644 2859 1703 2894 Ex
1726 2856 1786 2893 his

143 2915 368 2952 auctoribus
385 2921 426 2952 et
443 2927 494 2952 ex
510 2917 612 2962 aliis,
630 2918 698 2965 qui
714 2918 764 2954 de
781 2918 823 2954 S.
850 2918 1059 2955 Francisco
1082 2919 1132 2956 (16
1155 2920 1271 2967 Borja
1295 2921 1549 2968 scripserunt,
1570 2917 1785 2954 clarissime

139 2980 249 3022 patet
261 2987 378 3023 quam
395 2974 484 3012 falsi
501 2975 648 3014 fuerint
665 2990 841 3015 rumores
859 2979 984 3026 sparsi
1007 2979 1056 3015 de
1080 2980 1351 3028 acceptatione
1375 2991 1507 3016 sacrae
1526 2989 1719 3026 purpurae
1737 2978 1786 3012 ab

140 3034 208 3070 illo
225 3034 515 3073 modestissimo
532 3036 630 3082 viro,
649 3037 715 3085 qui
733 3039 882 3074 nullum
900 3050 979 3075 non
996 3039 1119 3076 movit
1138 3040 1307 3088 lapidem
1326 3045 1368 3076 ut
1386 3041 1503 3075 talem
1518 3050 1539 3074 a
1553 3050 1596 3073 se
1615 3037 1782 3084 dignita-

145 3099 225 3130 tem
242 3100 453 3132 averteret.
