2020 3464
252 294 323 341 814
875 292 1014 330 EPIST.
1042 293 1086 329 P.
1114 291 1266 330 NADAL

1043 391 1101 425 32

339 450 415 492 Ex
451 450 534 493 litt.
577 450 809 506 quadrim.
850 464 879 492 a
906 450 1066 492 Marco
1102 449 1347 516 Berigutio
1383 449 1582 504 scriptis.
1626 447 1887 491 Conimbri—

250 523 338 562 cae,
364 520 390 551 Ι
411 509 533 566 Majz·
557 511 687 564 1562.
693 534 766 552 —.
797 509 909 552 .Ad
930 510 1043 553 haec
1065 508 1259 554 accessit
1279 507 1434 564 quod
1423 522 1512 551 lam
1534 522 1561 551 a
1582 506 1737 551 multis
1758 521 1886 551 men-

249 569 375 612 sibus
413 569 574 612 fratres
603 583 763 613 omnes
778 543 919 612 initio
956 568 1284 623 cuiuscumque
1317 566 1485 611 mensis
1518 574 1701 611 sanctos
1736 565 1887 611 sortiri

249 628 340 671 sint
361 627 481 671 soliti
503 643 557 672 eo
579 628 752 681 ordine,
778 643 912 684 quern
930 628 1003 671 hic
1023 631 1076 672 P.
1097 627 1271 672 Natalis
1288 626 1586 670 constitutum
1603 625 1799 682 reliquit,
1824 625 1887 669 ita

249 687 423 731 scilicet
443 694 495 730 ut
516 687 846 744 unusquisque,
873 702 1007 743 quem
1039 702 1121 744 pro
1148 701 1232 731 sua
1258 686 1504 731 deuotione
1530 687 1698 739 mallet,
1729 700 1786 730 ex
1812 685 1883 738 iis,

249 747 327 803 qui
364 747 486 790 affixi
521 747 683 804 parieti
718 747 1108 803 relinquebantur,
1149 746 1390 802 acciperet.
1433 747 1500 790 Ita
1530 746 1582 789 fit
1617 756 1668 789 ut
1699 744 1773 789 alii
1803 760 1886 801 pro

249 806 456 859 ecclesia,
497 806 571 851 alii
607 821 689 874 pro
717 814 873 850 nostra
900 806 1144 859 Societate‚
1175 805 1249 849 alii
1284 820 1364 872 pro
1396 805 1495 848 aliis
1525 806 1662 849 rebus
1692 803 1887 861 singulis

248 866 482 910 mensibus
514 866 741 910 orationes
773 867 990 919 habeant,
1026 866 1238 921 diemque
1259 864 1358 908 eius
1381 864 1543 918 sancti,
1571 879 1705 921 quem
1730 865 1886 921 elege-

248 926 354 979 rint,
381 933 477 969 tum
506 925 819 979 canfessionis,
845 932 942 969 tum
965 924 1265 971 eucharistiae
1286 931 1571 969 sacramento
1593 930 1772 981 praeter
1801 923 1887 967 alia

249 986 496 1030 celebrent.
526 987 593 1029 ¹...

1038 1051 1097 1086 33

337 1105 414 1147 Ex
435 1105 518 1147 litt.
546 1105 777 1160 quadrim.
805 1104 939 1148 Petri
959 1105 1013 1147 de
1034 1105 1177 1147 Silva.
1206 1104 1533 1157 Conimbricae,
1558 1115 1584 1146 Ι
1604 1103 1727 1160 Maji
1751 1105 1882 1158 1562.

246 1166 500 1208 ——...Dexo'
533 1165 575 1207 el
613 1165 760 1208 Padre
791 1171 988 1208 maestro
1019 1163 1165 1208 Nadal
1196 1164 1426 1207 ordenado
1461 1178 1552 1219 que
1581 1163 1651 1207 los
1679 1162 1886 1207 nouicios

247 1224 392 1281 (como
414 1226 517 1280 aqui
542 1222 923 1267 ordinariamente
945 1238 1002 1280 ay
1024 1222 1189 1280 tantos)
1211 1237 1504 1268 renouassem
1526 1237 1604 1267 sus
1631 1229 1766 1266 uotos
1793 1229 1885 1266 tres

247 1297 382 1328 vezes
403 1298 461 1327 en
483 1283 525 1326 el
547 1289 636 1326 afio
656 1284 726 1327 105
747 1298 836 1340 que
857 1298 938 1340 por
960 1297 1014 1326 su
1036 1282 1261 1326 deuocion
1289 1297 1375 1326 con
1403 1282 1675 1339 aprobaci6n
1704 1282 1777 1326 del
1804 1296 1885 1326 su-

245 1344 394 1399 perior
415 1344 483 1385 los
505 1342 717 1386 vuiessen
741 1345 906 1397 hecho3
931 1358 962 1399 y
983 1346 1104 1387 anssi
1126 1342 1221 1386 casi
1242 1341 1451 1399 ninguno
1477 1357 1535 1399 ay
1562 1357 1652 1398 que
1679 1356 1739 1385 no
1767 1356 1884 1398 ayan

245 1403 643 1459 particularmente
664 1405 834 1447 hechos
856 1418 935 1446 sus
956 1409 1088 1446 votos
1109 1402 1167 1445 de
1188 1402 1429 1454 escolareS,
1452 1401 1661 1445 mouidos
1683 1405 1779 1445 ansi
1797 1415 1884 1445 con

245 1463 287 1505 el
309 1464 446 1507 deseo
467 1461 541 1505 del
562 1461 718 1506 diuino
740 1462 950 1515 seruicio,
976 1477 1106 1505 como
1129 1461 1329 1505 tambien
1351 1476 1439 1505 con
1460 1462 1503 1505 la
1524 1469 1685 1506 sancta
1709 1461 1882 1505 emula-

245 1521 348 1577 cion
370 1538 400 1578 y
421 1522 628 1578 exemplo
650 1523 707 1566 de
729 1537 844 1566 vnos
866 1524 924 1565 ha
946 1529 1123 1566 otros...
1153 1522 1188 1564 ².

1039 1589 1100 1623 34

333 1640 410 1682 Ex
431 1642 515 1685 litt.
541 1642 774 1698 quadrim.
793 1641 980 1708 Joseplzi
1001 1642 1055 1685 de
1076 1643 1255 1685 Acosta.
1279 1642 1516 1697 Compluti,
1536 1652 1592 1684 [2
1607 1641 1730 1698 Maji
1748 1643 1878 1697 1562.

244 1722 318 1742 —-.
328 1701 622 1745 ..Reuerendi
658 1701 801 1758 igitur
838 1699 988 1745 Patris
1015 1700 1306 1758 prouincialis
1337 1700 1552 1754 visitatio,
1584 1715 1700 1757 quae
1726 1716 1882 1746 mense

244 1758 411 1802 abhinc
434 1775 526 1804 uno
547 1768 593 1804 et
613 1760 800 1804 dimidio
823 1775 878 1804 ex
900 1762 990 1804 hoc
1012 1761 1207 1819 primum
1235 1760 1428 1828 collegio
1456 1760 1704 1817 auspicata,
1730 1762 1787 1804 ad
1808 1775 1882 1804 re-

243 1817 399 1885 liqua'
381 1835 476 1877 jam
499 1835 739 1878 progressa
760 1827 845 1872 est,
873 1835 1031 1866 omnes
1052 1835 1136 1864 nos
1163 1820 1210 1864 in
1231 1820 1428 1865 Domino
1450 1820 1693 1876 plurimum
1715 1821 1882 1864 confir-

243 1877 385 1920 mauit
416 1894 469 1924 ac
497 1880 774 1924 recreauit...
808 1854 1029 1936 singulari
1056 1882 1252 1937 quadam
1280 1879 1483 1923 adhibita
1508 1879 1744 1937 diligentia
1773 1887 1857 1924 ut.

243 1938 427 1982 omnino
447 1940 505 1983 ad
527 1955 622 1983 rem
644 1940 960 1984 conferrentur
981 1954 1312 1996 quaecumque,
1338 1940 1413 1984 uel
1433 1939 1651 1992 oratione,
1677 1940 1752 1983 uel
1768 1938 1881 1983 scri-

244 2003 321 2052 pto
345 1998 603 2043 tradidisset
627 2001 762 2043 Pater
784 1998 1001 2056 magister
1022 1999 1213 2044 Natalis.
1240 1999 1386 2055 Cujus
1405 2000 1611 2056 profecto
1632 2013 1689 2042 ex
1711 1998 1879 2055 Hispa—

245 2056 320 2100 nia
341 2058 536 2101 reditum
565 2059 696 2103 facile
734 2058 990 2104 Paternitas
1019 2061 1119 2103 Tua
1145 2059 1402 2103 existimare
1428 2059 1593 2116 poterit
1620 2073 1713 2114 quo
1741 2058 1882 2102 simus

243 2115 324 2159 filii
345 2117 584 2171 desiderio,
610 2133 700 2175 quo
722 2118 857 2162 etiam
881 2119 1038 2164 dolore
1060 2118 1343 2186 prosequuti.

333 2177 512 2221 Etenim
535 2177 678 2235 pridie
700 2178 799 2234 ejus
821 2177 926 2232 diei,
951 2179 998 2222 in
1019 2193 1111 2235 quo
1131 2178 1316 2222 omnino
1338 2177 1662 2222 discedendum
1683 2177 1769 2222 sibi
1786 2184 1881 2222 sta—

244 2241 410 2291 tuerat,
442 2236 519 2280 ubi
547 2238 604 2281 ad
631 2239 787 2294 epulas
816 2213 1087 2282 meridianas
1113 2253 1290 2281 summa
1321 2236 1452 2281 nobis
1484 2237 1715 2283 alacritate
1746 2237 1876 2281 mini-

243 2297 420 2349 strauit,
446 2303 580 2340 nocte
603 2304 654 2340 ut
682 2298 942 2352 frequentes
970 2299 1027 2342 ad
1055 2313 1105 2343 se
1132 2297 1482 2341 conueniremus
1502 2297 1654 2353 jussit.
1687 2300 1758 2343 Ac
1786 2296 1880 2354 pri—

243 2369 367 2399 mum
409 2356 627 2409 omnium,
674 2356 967 2401 Paternitatis
1009 2360 1136 2401 Tuae
1171 2359 1258 2401 hac
1298 2358 1355 2400 de
1392 2371 1440 2400 re
1477 2358 1712 2402 uoluntate
1749 2357 1880 2402 nobis

243 2416 486 2484 declarata,
529 2418 710 2460 Patrem
746 2416 928 2471 quidem
965 2418 1197 2462 doctorem
1241 2418 1391 2461 Araoz
1433 2415 1481 2459 in
1522 2417 1592 2460 his
1629 2415 1879 2474 Hispaniae

244 2476 398 2532 regnis
419 2475 776 2519 commissarium
799 2478 1058 2532 generalem
1081 2475 1381 2532 nuncupauit.
1407 2477 1475 2519 Ex
1490 2475 1627 2532 hujus
1644 2491 1755 2521 uero
1770 2491 1878 2535 pro-

244 2534 409 2589 uincia,
449 2535 663 2591 quoniam
693 2535 783 2578 late
820 2536 1130 2580 disterminata
1161 2535 1417 2590 uidebatur,
1451 2536 1566 2580 duas
1596 2537 1747 2580 denuo
1778 2537 1877 2582 effi-

242 2595 383 2648 ciens,
408 2595 545 2651 hujus
567 2596 727 2639 Nouae
756 2596 981 2639 Castellae
1009 2599 1191 2639 Patrem
1222 2595 1627 2650 Valderrabanum,
1659 2610 1795 2652 quem
1822 2611 1878 2642 eo

242 2655 432 2698 consilio
470 2653 756 2711 Monteregio
791 2662 1027 2709 euocarat,
1063 2654 1243 2700 Ueteris
1278 2654 1399 2698 illius
1435 2655 1660 2699 Castellae
1697 2659 1878 2701 Patrem

235 2716 457 2781 Joannem
480 2715 666 2767 Suarez,
692 2713 831 2758 biduo
854 2722 957 2759 ante
979 2689 1036 2758 ad
1057 2714 1384 2771 professionem
1405 2714 1669 2768 admissum,
1693 2730 1750 2759 ex
1777 2717 1877 2760 offi-

241 2774 312 2818 cio
333 2789 417 2818 suo
439 2773 523 2817 rite
545 2788 599 2817 ac
620 2773 823 2830 legitime
845 2774 1145 2830 provinciales
1166 2773 1352 2818 creauit.

328 2833 507 2878 Deinde
530 2833 680 2877 dicere
701 2833 852 2889 aliqua
879 2848 1128 2890 aggressus
1157 2834 1291 2890 plena
1318 2834 1520 2890 profecto
1548 2833 1877 2878 exhortationis

240 2906 293 2936 ac
330 2892 514 2949 spiritus
544 2893 684 2936 uerba
713 2893 835 2946 fecit,
867 2892 1134 2950 compendio
1166 2892 1403 2949 colligens,
1435 2907 1552 2948 quae
1585 2893 1729 2937 fusius
1764 2893 1875 2938 alias

238 2952 428 3005 dixerat,
456 2951 832 3008 obedientiaeque
853 2959 899 2995 et
922 2951 1139 2996 orationis
1162 2951 1254 2995 uim
1271 2951 1511 3008 praecipue
1528 2953 1869 2997 commendans.

306 3098 316 3116 ¹
369 3095 434 3149 Ex·
450 3094 576 3130 Lusit.
597 3095 634 3130 E
662 3095 727 3130 ist.
747 3095 966 3139 1561-1563.
990 3096 1043 3137 II,
1063 3095 1129 3131 fol.
1151 3093 1234 3140 535.

311 3145 325 3165 ‘-‘
377 3142 616 3187 1b1d.‚f01.2
644 3142 678 3177 3.
