2098 3484
807 289 1016 329 OCTOBRE
1037 298 1130 336 1549
1379 295 1381 301 ’
1737 299 1807 346 175.

239 396 299 438 In
318 363 495 452 squaria
515 393 714 450 pagina,
743 407 888 436 manu
916 393 1082 435 Patris
1114 392 1330 445 Polanco,
1359 396 1410 435 ut
1446 393 1641 446 videtur,
1679 394 1802 435 scri—
1864 380 1867 384 ’

144 475 280 530 ptum
303 475 383 515 est:
403 471 568 515 Nadal.

237 550 347 593 Alia
369 563 530 591 manu:
553 560 610 606 29
632 546 849 592 Octobris
877 557 1004 605 1549.
1030 547 1194 591 Nadal.
1220 547 1420 603 Laynez.
1447 546 1663 591 Messina.

914 797 1001 839 21)

526 966 532 971 ,
596 920 650 962 Ρ.
686 919 1104 963 HIERONYMUS
1137 919 1359 962 NADAL
1394 900 1397 903 ’

492 1030 740 1070 SANCTO
782 1031 1047 1070 IGNATIO
1090 1032 1167 1068 DE
1209 1029 1460 1069 LOYOLA

630 1115 887 1188 Messanae,
914 1134 1119 1178 Octobre
1147 1144 1260 1192 1549
1286 1129 1332 1177 ’ζ

723 1246 926 1295 Epistolae
945 1246 1227 1293 fragmentum.

302 1368 364 1403 De
383 1368 649 1403 universitate
667 1369 704 1403 et
721 1368 769 1403 de
786 1369 1020 1402 nostrorum
1040 1366 1244 1402 laboribus
1260 1367 1306 1402 in
1324 1367 1444 1402 vinea
1462 1366 1648 1402 Domini.

243 1489 315 1532 En
337 1495 436 1532 este
457 1487 608 1531 medio
630 1501 721 1543 que
742 1502 792 1530 se
813 1486 1078 1530 conciertan
1098 1487 1165 1531 las
1187 1500 1319 1531 cosas
1340 1488 1397 1530 de
1418 1487 1462 1530 13
1492 1486 1806 1540 vniuersidad,

151 1566 223 1610 sin
245 1566 314 1610 las
341 1564 667 1622 occupationes
694 1564 873 1618 solitas,
905 1579 955 1608 se
982 1563 1184 1609 attiende
1212 1569 1239 1608 a
1267 1565 1502 1609 confessar
1531 1565 1639 1609 todo
1671 1566 1810 1621 aquel

151 1643 429 1688 monasterio
451 1644 509 1687 de
529 1642 784 1700 religiosas,
809 1643 884 1686 del
906 1643 1013 1698 qual
1035 1644 1092 1687 V.
1120 1644 1174 1686 P.
1200 1647 1228 1686 a
1250 1642 1475 1698 instancia
1495 1643 1554 1687 de
1574 1643 1618 1686 13
1639 1642 1809 1698 ciudad

151 1801 316 1842 faciunt,
338 1805 487 1842 «Sobre
506 1805 672 1848 Isidoro,
693 1805 749 1841 ait
766 1805 977 1851 Polancus,
996 1804 1159 1841 scriuira
1176 1817 1254 1841 vna
1277 1810 1385 1841 carta
1410 1806 1583 1841 Maestro
1607 1800 1739 1842 Miona
1760 1805 1812 1845 de

152 1870 263 1914 parte
280 1877 380 1913 suya
396 1878 423 1913 y
440 1865 490 1902 de
508 1871 671 1901 nuestro
688 1866 831 1913 Padre,
856 1865 986 1901 donde
1014 1865 1186 1913 despues
1212 1865 1262 1901 de
1286 1871 1458 1902 mostrar
1486 1867 1673 1912 holgarse
1691 1866 1740 1902 de
1766 1878 1813 1901 su

154 1926 330 1972 meion’a,
349 1937 393 1962 se
410 1927 448 1962 le
465 1926 515 1962 de
533 1937 652 1972 cargo
669 1937 746 1973 que
761 1925 915 1961 escriua
928 1927 966 1961 lo
983 1937 1059 1973 que
1073 1926 1110 1961 le
1125 1937 1288 1973 paresce
1302 1925 1351 1962 de
1366 1926 1480 1962 todos
1494 1926 1554 1962 los
1568 1925 1617 1962 de
1632 1927 1722 1974 alla,
1736 1938 1818 1973 que

154 1987 324 2034 siempre
338 1989 426 2022 sera
438 1986 716 2034 bien,1avnque
731 1986 818 2021 ΜΕ0
826 1986 986 2033 Laynez
998 1986 1048 2021 ha
1061 1985 1110 2021 de
1124 1985 1158 2021 ir
1171 1990 1304 2033 presto
1319 1998 1390 2034 por
1403 1987 1479 2022 alla
1492 1987 1610 2022 sobre
1624 1991 1732 2022 otros
1746 1997 1816 2022 ne—

153 2046 306 2093 gocios,
319 2058 347 2093 y
363 2047 512 2082 lleuara
529 2051 615 2082 este
632 2057 751 2092 cargo
769 2046 819 2082 de
833 2045 1035 2081 visitador.
1051 2046 1107 2081 La
1124 2045 1235 2094 copia
1249 2046 1362 2082 desta
1375 2058 1419 2082 se
1434 2046 1599 2082 imbiara
1611 2048 1633 2081 a
1647 2046 1719 2081 M.⁰
1733 2046 1811 2081 Na—

155 2107 235 2154 dal,
252 2119 278 2154 y
297 2108 391 2142 sele
409 2106 589 2142 reducira
605 2109 628 2142 a
644 2107 682 2142 la
699 2106 888 2142 memoria
905 2107 942 2142 lo
966 2117 1043 2153 que
1061 2108 1131 2142 aea
1147 2107 1265 2142 hablo
1283 2107 1334 2141 N.
1354 2107 1399 2142 P.
1418 2117 1493 2142 con
1518 2108 1554 2142 el
1579 2106 1629 2141 de
1653 2107 1814 2142 hazerle

157 2167 350 2214 ministro,
368 2179 395 2214 y
418 2178 496 2202 aun
513 2166 548 2202 si
568 2166 680 2202 fuere
705 2171 905 2202 menester
928 2167 1111 2202 hecharle
1135 2178 1188 2202 un
1205 2166 1419 2202 hechadizo
1441 2167 1534 2213 (sic,
1560 2178 1629 2214 pro
1655 2167 1816 2202 echarle

159 2239 214 2263 un
231 2227 436 2272 echadizo)
452 2238 529 2274 que
547 2237 598 2262 no
615 2227 653 2262 13
672 2226 907 2262 obedeciese
922 2238 1016 2273 muy
1033 2225 1141 2274 bien,
1156 2238 1233 2274 que
1247 2226 1418 2274 despues
1431 2226 1580 2262 hiziese
1594 2225 1813 2262 satisfacio-

155 2297 242 2333 nes,
260 2291 363 2322 etc.»
382 2285 538 2332 Quibus
557 2284 705 2332 verbis,
724 2285 933 2321 occasione
951 2290 1107 2332 sumpta
1124 2296 1175 2321 ex
1192 2285 1335 2321 Isidori
1359 2285 1594 2332 tentatione,
1613 2290 1654 2321 et
1672 2297 1722 2321 ex
1739 2285 1811 2320 dif-

154 2345 345 2392 ficultate,
362 2357 479 2394 quam
498 2346 542 2382 P.
562 2345 687 2381 Nadal
705 2345 746 2381 in
763 2346 831 2381 illo
847 2344 1107 2391 gubernando
1120 2345 1413 2393 experiebatur,
1427 2345 1484 2382 illi
1502 2345 1543 2381 in
1561 2350 1735 2381 mentem
1752 2357 1813 2380 re>

156 2411 286 2452 vocat,
303 2416 404 2453 quae
420 2406 570 2441 Romae
584 2405 660 2452 ipsi
676 2405 806 2441 facete
819 2404 1015 2452 quondam
1029 2404 1197 2448 dixerat,
1213 2405 1381 2452 scilicet,
1395 2405 1571 2441 futurum
1586 2411 1629 2441 ut
1644 2404 1811 2440 ministri

157 2476 299 2501 munus
317 2464 355 2501 ei
371 2465 650 2511 committeret3
670 2471 791 2513 utque
809 2466 849 2501 in
867 2470 951 2500 arte
967 2465 1215 2511 gubernandi
1232 2465 1374 2501 melius
1387 2471 1642 2502 exerceretur
1653 2466 1688 2501 Ze
1702 2466 1812 2501 echa-

157 2525 226 2559 ria
241 2537 300 2560 un
316 2525 502 2561 echadizo
518 2525 545 2560 i.
561 2537 598 2562 e.
617 2525 788 2573 aliquem
802 2525 843 2561 in
861 2524 1070 2560 vocatione
1087 2525 1356 2572 vacillantem,
1376 2530 1416 2561 et
1434 2537 1456 2561 e
1474 2524 1676 2561 Societate
1691 2536 1817 2571 prope

157 2583 450 2627 dimittendum,
469 2584 546 2632 ipsi
562 2585 695 2620 Natali
711 2584 930 2631 regendum
948 2584 1135 2620 traderet.
1155 2585 1215 2620 Ex
1232 2585 1404 2632 Regesto
1422 2586 1519 2627 litt„
1539 2585 1571 2631 I,
1594 2583 1761 2629 157-158.

230 2644 292 2679 De
316 2644 403 2691 ipso
426 2644 578 2680 Isidoro
601 2650 642 2680 et
664 2644 715 2680 de
740 2645 941 2691 Stephano
966 2643 1099 2679 variae
1123 2649 1262 2680 extant
1285 2645 1326 2680 in
1350 2645 1521 2692 Regesto
1545 2645 1642 2686 litt„
1667 2645 1746 2679 vol.
1779 2644 1817 2689 1,

158 2702 350 2751 epistolae
368 2704 418 2739 ad
434 2704 480 2739 P.
500 2704 624 2740 Nadal
644 2704 774 2749 datae,
797 2704 839 2739 18
859 2704 1033 2750 Augusti
1053 2703 1158 2749 15483
1178 2712 1199 2749 5
1219 2704 1410 2751 Januarii,
1429 2713 1475 2750 29
1494 2705 1618 2750 Junii,
1636 2713 1694 2750 10,
1712 2711 1754 2747 17
1773 2708 1814 2738 et

158 2772 205 2808 24
224 2763 397 2809 Augusti
417 2772 522 2810 15493
547 2764 691 2812 quibus
709 2765 772 2799 vel
797 2764 847 2799 de
872 2763 1026 2799 illorum
1051 2763 1343 2810 emendatione,
1362 2765 1426 2800 vel
1451 2764 1501 2799 de
1526 2763 1666 2799 Isidori
1683 2762 1817 2798 dimis—

158 2822 270 2858 sione
288 2823 431 2869 agitur.
451 2823 553 2859 Vide
570 2829 704 2859 tamen
722 2823 837 2870 infra,
857 2823 974 2871 epist.
994 2821 1040 2858 33
1054 2828 1094 2858 et
1111 2821 1172 2870 34,
1189 2822 1401 2869 gloriosam
1419 2828 1599 2865 mortem,
1615 2834 1731 2870 quam
1749 2822 1814 2857 hic

157 2882 198 2918 in
217 2882 415 2919 Societate
434 2884 614 2931 oppetiit,
634 2895 736 2919 anno
757 2892 861 2929 1551.

235 2945 245 2964 ¹
296 2944 355 2978 Ex
386 2945 626 2990 apographo,
656 2943 697 2979 in
727 2944 782 2990 E}
794 2944 860 2979 ist.
891 2943 1046 2985 Mixtis,
1082 2942 1286 2989 1539-1548
1316 2942 1429 2987 (alias
1456 2944 1535 2978 vol.
1569 2942 1636 2988 A),
1667 2941 1815 2989 duplici

160 3002 245 3047 fo].,
268 3011 335 3048 190
352 3005 410 3049 (71
433 3008 473 3038 et
490 3007 566 3049 72).
586 3004 674 3038 Hoc
691 3003 882 3050 epistolae
900 3002 1167 3049 fragmentum
1184 3003 1308 3039 habes
1326 3003 1367 3038 in
1384 3003 1558 3039 secunda
1575 3001 1720 3049 pagina
1732 3000 1815 3036 folii

162 3069 222 3106 72.
242 3062 464 3110 InscriptiO,
487 3063 601 3099 initio
619 3062 759 3110 posita:
779 3064 841 3099 De
859 3066 971 3098 otras
987 3063 1053 3098 del
1070 3074 1219 3098 mesmo
1235 3062 1415 3111 [Nadal]
1430 3064 1477 3098 de
1501 3061 1687 3098 Octubre.
1707 3062 1818 3098 Usus

117 3150 123 3153 .
140 3134 146 3141 ’
162 3127 225 3157 est
242 3122 314 3157 hac
333 3122 500 3169 epistola
518 3123 562 3158 P.
582 3123 811 3170 POLANCO,·
825 3122 992 3165 Chron„
1011 3123 1044 3169 I,
1063 3122 1148 3170 369,
1162 3135 1201 3159 n.
1222 3122 1305 3169 345.
