2098 3548
320 296 419 326 xvm
887 285 1133 322 PRAEFAmo
1159 291 1395 320 GENERALJS

321 406 374 435 ac
397 389 586 448 proinde
603 404 693 435 non
711 374 891 447 proprie
908 388 1172 445 archetypae
1195 385 1546 444 nuncupandae,
1572 383 1653 428 sed
1675 386 1965 441 transumpta

320 467 626 526 originalium3
653 482 770 524 quae
792 475 943 512 tamen
965 465 1150 510 omnino
1178 463 1470 508 authenticae
1492 468 1616 515 sunt,
1648 468 1694 505 et
1722 469 1849 505 tanta
1871 463 1966 506 fere

319 546 604 599 auctoritate,
625 551 796 603 quanta
812 544 910 602 ipsa
925 542 1180 600 originalia,
1201 542 1388 599 pollent,
1410 547 1460 583 ut
1477 554 1558 597 per
1571 554 1620 583 se
1637 545 1777 596 patet.
1796 539 1965 582 Extant

318 623 614 667 nihilominus
636 623 790 679 plures
815 620 993 665 litterae
1021 621 1294 676 archetypae
1320 619 1465 663 sancti
1493 620 1529 662 F
1532 618 1724 664 rancisci
1750 619 1808 663 de
1830 617 1967 674 Borja

321 701 378 744 ad
416 702 470 745 P.
511 700 674 753 Nadal,
715 698 845 742 annis
888 699 1141 753 1566-1572
1180 695 1375 741 maxima
1410 705 1538 754 parte
1567 699 1715 742 datae.
1747 696 1966 753 Reliquae

318 790 444 834 vero,
469 779 527 822 ab
549 777 648 821 aliis
671 781 806 833 quam
829 791 855 820 a
878 774 1170 833 generalibus
1192 774 1462 831 praepositis
1484 776 1633 830 datae,
1659 774 1816 832 paucis
1836 775 1965 818 dem-

319 855 426 914 ptis,
467 862 576 899 sunt
612 854 808 898 maxima
844 860 972 911 parte
1014 852 1342 909 autographae,
1384 846 1631 897 nonnullae
1672 854 1961 910 archetypae,

318 948 492 991 paucae
514 934 821 990 apographae.

407 1013 586 1055 Rursus
608 1009 851 1054 discrimen
875 1008 1092 1052 faciemus
1114 1007 1233 1052 inter
1254 1007 1468 1065 epistolas
1490 1009 1547 1052 ad
1570 1010 1624 1053 P.
1650 1008 1797 1053 Nadal
1818 1008 1963 1060 datas,

319 1103 436 1145 quae
455 1087 503 1131 in
527 1088 738 1145 Regestis
767 1068 1027 1130 litterarum
1048 1072 1098 1128 S.
1126 1085 1320 1143 Ignatii,
1347 1091 1392 1129 et
1425 1100 1517 1141 eaS,
1549 1101 1667 1143 quae
1698 1085 1744 1129 in
1772 1084 1967 1143 regestis

317 1165 507 1209 aliorum
531 1164 812 1222 generalium
835 1163 1144 1217 continentur;
1176 1177 1280 1207 nam
1309 1163 1535 1207 ducentae
1562 1171 1608 1207 et
1630 1163 1826 1220 amplius·
1843 1161 1966 1207 litte-

318 1258 395 1287 rae
416 1244 463 1288 S.
490 1241 656 1299 Ignatii
679 1242 735 1286 ad
760 1244 812 1285 P.
833 1241 980 1285 Nadal
1002 1241 1217 1297 perlatae,
1244 1255 1435 1297 quarum
1460 1248 1744 1298 transumpta
1764 1240 1810 1284 in
1835 1251 1858 1296 5
1881 1255 1965 1284 vo-

318 1320 566 1364 luminibus
603 1321 906 1377 Regestorum
940 1321 950 1340 ¹
981 1332 1086 1361 mox
1114 1318 1386 1376 evulgandis
1414 1320 1721 1373 asservantur,
1752 1333 1844 1362 non
1870 1317 1962 1372 hic»,

317 1399 398 1442 sed
421 1413 512 1442 una
533 1412 638 1441 cum
660 1396 845 1453 reliquis
866 1395 1111 1454 ignatianis
1133 1394 1335 1453 epistolis
1362 1396 1410 1439 in
1433 1398 1564 1440 Nova
1585 1397 1713 1440 Serie
1734 1397 1965 1440 excuden-

317 1483 406 1530 tur;
433 1471 650 1533 epistolae
671 1489 780 1519 vero
800 1477 893 1518 ΡΡ.
920 1474 1103 1527 Lainez,
1131 1474 1267 1530 Borja
1288 1481 1335 1518 et
1362 1473 1637 1518 Mercuriani
1659 1474 1716 1518 ad
1740 1477 1793 1518 P.
1819 1471 1967 1518 Nadal

316 1553 363 1597 in
401 1567 558 1597 eorum
596 1552 789 1610 regestis
822 1551 1134 1609 consignatae,
1174 1551 1222 1595 in
1263 1553 1349 1596 hac
1391 1551 1658 1596 collectione
1698 1551 1966 1596 inserendae

319 1630 445 1675 visae
465 1637 590 1674 sunt.

407 1707 493 1752 His
521 1707 747 1758 accedunt
783 1708 953 1751 multae
990 1706 1224 1764 epistolae,
1254 1707 1330 1751 vel
1358 1706 1445 1751 alia
1472 1708 1747 1751 documenta
1778 1707 1964 1761 inedita,

318 1800 451 1842 quae,
478 1792 575 1828 tum
597 1786 654 1828 ad
682 1784 911 1841 epistolas,
938 1792 1033 1828 tum
1057 1786 1114 1828 ad
1136 1791 1268 1842 gesta
1291 1786 1343 1829 P.
1370 1785 1517 1829 Nadal
1539 1784 1806 1829 illustranda
1827 1785 1967 1842 perti-

318 1870 444 1917 nent3
484 1877 630 1919 eaque
666 1861 829 1919 partim
866 1862 913 1905 in
939 1861 1312 1907 annotationibus
1341 1861 1625 1920 singularum
1655 1862 1963 1919 epistolarum,

319 1941 481 1998 partim
503 1939 550 1982 in
573 1939 900 1996 appendicibus
917 1939 1142 1984 dabimus.

408 2019 567 2068 Restat
583 2017 766 2061 tandem
783 2016 870 2060 alia
886 2017 1026 2060 series
1043 2017 1351 2074 epistolarum,
1371 2018 1428 2062 de
1445 2017 1612 2074 quibus
1629 2017 1760 2061 nobis
1782 2016 1963 2074 quidem

318 2102 497 2139 constat
518 2109 573 2138 ex
596 2093 732 2138 variis
753 2094 1039 2138 documentis
1061 2095 1349 2152 evulgandis,
1375 2111 1401 2139 a
1424 2097 1478 2139 P.
1510 2095 1658 2139 Nadal
1683 2095 1963 2152 conscriptas

318 2172 473 2225 fuisse,
504 2172 578 2215 vel
615 2172 672 2215 ad
708 2171 858 2229 ipsum
895 2172 1044 2225 datas;
1087 2173 1348 2228 frequenter
1383 2172 1536 2227 etiarn,
1568 2179 1613 2217 et
1641 2179 1962 2230 argumentum

316 2250 531 2307 ipsarum,
557 2255 602 2292 et
625 2263 715 2304 quo
738 2255 940 2305 tempore
961 2249 1094 2293 datae
1123 2249 1308 2303 fuerint,
1339 2257 1498 2294 notum
1522 2257 1607 2304 est,
1639 2236 1819 2294 tametsi
1839 2249 1963 2307 ipsae

316 2326 534 2384 epistolae
554 2325 824 2370 interierint.
852 2327 941 2370 Eas
963 2333 1115 2370 autem
1138 2327 1185 2370 in
1206 2327 1409 2384 generali
1426 2328 1635 2385 catalogo
1653 2327 1960 2384 epistolarum,

318 2419 451 2460 quem
475 2404 532 2448 ad
553 2404 724 2447 calcem
747 2403 910 2460 operiS,
936 2405 1036 2448 Deo
1052 2404 1261 2460 juvante,
1287 2405 1618 2459 exhibebimus,
1643 2405 1802 2450 ordine
1829 2406 1962 2449 chro-

316 2481 529 2538 nologico
551 2484 770 2525 annotare
797 2480 1007 2525 sufficiat.

406 2560 460 2602 II.
526 2559 875 2602 EPISTOLARUM
906 2561 959 2602 P.
992 2561 1162 2604 NADAL
1186 2561 1712 2605 ARGUMENTA.—Plura
1733 2559 1962 2604 millialit-

317 2644 514 2680 terarum
536 2634 844 2692 pervolvimus
867 2650 923 2679 ex
943 2635 1080 2680 variis
1103 2636 1364 2693 provinciis,
1386 2637 1590 2695 collegiis
1612 2644 1658 2681 et
1678 2636 1883 2694 personis
1904 2638 1962 2681 ad

316 2712 547 2771 Ignatium
570 2719 615 2756 et
637 2711 748 2756 alios
770 2713 1008 2769 generales
1030 2714 1233 2770 proxime
1254 2714 1296 2758 ei
1319 2715 1616 2759 succedentes
1643 2716 1787 2769 datas;
1813 2715 1961 2759 nullas

314 2805 425 2834 vero
441 2797 531 2834 tam
554 2790 688 2846 plene
710 2796 755 2833 et
775 2790 1030 2834 luculenter
1051 2792 1109 2834 de
1132 2792 1269 2835 rebus
1297 2799 1341 2836 et
1363 2791 1568 2849 personis
1595 2799 1777 2836 nostrae
1804 2791 1962 2837 Socie-

316 2867 421 2911 tatis
443 2867 664 2911 rationem
692 2867 882 2911 reddere
903 2868 1222 2924 comperimus,
1249 2884 1384 2925 quam
1416 2870 1593 2915 litterae
1614 2869 1764 2914 Patris
1795 2868 1961 2913 Hiero-

312 2944 451 3001 nymi.
468 2944 631 2989 Nadal.
667 2945 784 2987 Cum
814 2944 933 2987 enim
961 2945 1058 3001 ipse
1086 2945 1210 2989 vices
1238 2945 1382 3002 ipsius
1409 2946 1682 2992 institutoris
1719 2946 1962 2992 Societatis

383 3111 395 3132 ¹
447 3111 547 3147 vide
566 3110 681 3158 infra,
701 3087 800 3158 Codf.
825 3120 879 3158 17.
