2098 3484
309 246 359 293 ⁶78
891 247 1030 283 EPIST.
1059 247 1102 282 P.
1133 247 1382 281 NADAL—22

1096 484 1181 524 2⁶2

840 606 891 640 D.
919 603 1162 651 JOANNES
1189 604 1260 638 DE
1286 602 1434 639 VEGA

951 714 1121 742 PROREX
1138 713 1317 741 SICILIAE

733 811 785 853 P.
828 807 1252 852 HIERONYMO
1291 807 1543 850 NADAL

782 920 1011 972 Panormi,
1043 932 1095 974 14
1119 919 1289 976 Aprilis
1318 929 1430 974 1550
1457 920 1485 962 ¹.

307 1052 341 1078 Ι.
371 1042 432 1078 De
455 1042 690 1077 litterarum
715 1040 1030 1088 apostolicarum
1048 1039 1401 1086 expeditione—2.
1422 1039 1615 1074 Facultas
1632 1042 1711 1086 pro
1729 1039 1963 1075 lectionibus

309 1142 313 1145 ,
379 1102 427 1138 de
436 1101 535 1148 jure
552 1101 668 1137 civili
684 1103 721 1136 et
736 1100 939 1136 medicina
956 1099 1216 1134 instituendis
1244 1098 1562 1134 messanensibus
1570 1097 1730 1144 juratis
1759 1097 1960 1146 defertur.

380 1171 465 1207 —3.
486 1160 586 1197 Item
600 1163 678 1207 pro
696 1160 907 1196 lectoribus
924 1159 1213 1195 constituendis
1229 1158 1301 1193 sub
1317 1159 1436 1194 certis
1459 1158 1767 1194 conditionibus.

1124 1254 1153 1312 †

876 1315 1070 1358 Carolus
1091 1320 1137 1357 et
1159 1316 1339 1373 Joanna
1360 1315 1392 1358 ².

436 1437 454 1469 1
464 1459 473 1469 .
540 1423 806 1467 Reuerende
822 1425 978 1465 orator
994 1423 1124 1479 regie
1140 1422 1308 1466 deuote.
1331 1421 1532 1466 Hauimo
1549 1422 1755 1479 reciputo
1772 1421 1804 1465 li
1819 1423 1963 1467 letere

309 1509 464 1546 vostre
484 1501 532 1545 di
552 1501 583 1544 li
606 1515 780 1545 xxvmr
804 1500 867 1543 dil
889 1506 1070 1556 passato
1092 1514 1180 1543 con
1202 1499 1341 1556 quelli
1363 1500 1421 1543 de
1442 1499 1474 1543 li
1500 1499 1734 1557 magnifici
1750 1499 1895 1557 jurati
1916 1499 1962 1543 di

310 1594 478 1637 quessa
498 1579 650 1622 nobile
671 1578 796 1631 cittii,
822 1584 868 1621 et
889 1578 932 1620 la
954 1577 1084 1634 copia
1105 1577 1151 1620 di
1166 1591 1259 1620 vno
1275 1577 1491 1634 pubblico
1507 1584 1736 1622 contratto
1756 1578 1870 1621 fatto
1887 1577 1962 1621 alli

310 1655 393 1701 atti
409 1656 454 1700 di
470 1662 602 1700 notar
623 1657 731 1699 Ioan
748 1654 958 1698 Vicentio
979 1655 1203 1707 Gaetano,
1223 1654 1317 1697 dili
1340 1654 1463 1710 quali
1484 1655 1678 1699 essendo
1700 1661 1821 1699 stata
1849 1655 1963 1699 satta

310 1734 369 1778 ad
390 1733 471 1777 nui
487 1733 722 1785 relatione,
743 1739 789 1775 et
804 1731 1010 1775 discusso
1037 1731 1068 1774 il
1086 1731 1287 1788 negotiO,
1318 1732 1671 1789 responderemo
1687 1747 1775 1786 con
1791 1733 1836 1776 la
1856 1747 1961 1790 pre—

310 1817 442 1855 sente
463 1825 593 1854 como
616 1810 655 1853 si
675 1811 735 1853 ha
751 1808 929 1865 rispuso
948 1808 1025 1852 alli
1045 1808 1148 1852 ditti
1170 1808 1402 1865 magnifici
1417 1809 1559 1865 jurati
1580 1809 1639 1853 ad
1661 1816 1781 1853 tutto
1809 1809 1961 1866 quello

311 1890 413 1933 sera
433 1888 585 1944 degno
606 1886 652 1930 di
673 1892 878 1943 resposta
894 1892 939 1929 et
957 1885 1220 1942 prouisioni.
1243 1887 1300 1929 Et
1323 1886 1481 1943 prima,
1501 1893 1675 1942 quanto
1691 1887 1766 1930 alli
1787 1901 1960 1944 exequ-

310 1964 415 2009 torii
436 1965 494 2010 de
515 1964 546 2006 li
568 1962 803 2020 apostolici
830 1962 959 2016 bulli,
997 1964 1023 2006 e
1055 1970 1174 2007 stato
1210 1964 1269 2006 da
1305 1963 1381 2007 noi
1403 1963 1610 2007 ordinato
1636 1965 1723 2008 che
1758 1964 1798 2008 si
1827 1978 1960 2022 espe-

310 2042 498 2086 discano
515 2048 561 2085 et
582 2041 621 2084 si
642 2040 941 2097 espediranno
968 2055 1070 2083 cum
1092 2041 1313 2084 clausula:
1339 2041 1486 2084 saluis
1502 2040 1695 2098 juribus
1723 2043 1958 2098 ‘utriusque

305 2121 460 2176 partis
481 2134 635 2172 coram
652 2118 885 2175 delegatis,
907 2118 1105 2167 secondo
1128 2118 1242 2162 altra
1262 2118 1387 2162 volta
1405 2118 1454 2161 fu
1476 2133 1557 2175 per
1577 2118 1654 2162 noi
1675 2119 1895 2176 prouisto.

403 2209 444 2240 2.
511 2195 560 2241 Si
581 2198 641 2239 ha
662 2195 841 2252 rispuso
862 2201 907 2238 et
923 2195 1030 2239 dato
1053 2195 1250 2239 autorita
1271 2211 1298 2239 a
1319 2195 1422 2239 ditti
1449 2195 1681 2253 magnifici
1703 2195 1845 2252 jurati
1873 2197 1959 2240 che

312 2288 507 2331 possano
529 2273 627 2316 fare
655 2273 809 2329 legere
845 2271 891 2314 in
927 2287 1092 2327 quessa
1127 2272 1238 2316 citta
1270 2273 1320 2315 in
1341 2272 1458 2329 jure
1494 2274 1623 2316 ciuili
1643 2276 1684 2316 et
1714 2273 1957 2326 medicina,

310 2351 554 2394 dummodo
574 2365 666 2409 non
689 2349 728 2393 si
748 2349 915 2393 habbia
936 2349 981 2392 di
1001 2364 1134 2393 vsare
1161 2349 1370 2404 nisciuna
1391 2350 1506 2393 altra
1533 2349 1892 2406 preheminentia
1913 2357 1959 2394 et

305 2415 619 2486 jurisdittione
639 2426 882 2484 pertinenti
904 2442 930 2470 a
955 2427 1096 2470 studii
1123 2426 1341 2484 pubblici,
1372 2427 1495 2471 cussi
1523 2442 1654 2471 como
1675 2426 1755 2470 vui
1782 2434 1828 2471 et
1856 2427 1958 2471 ditti

312 2505 547 2563 magnifici
561 2503 703 2561 jurati
723 2503 771 2556 ni
791 2504 836 2547 lo
856 2505 1022 2548 hauete
1048 2505 1302 2561 supplicato
1323 2511 1369 2548 et
1389 2505 1680 2558 domandato,
1706 2519 1788 2562 per
1807 2505 1958 2549 finche

313 2597 393 2640 per
414 2582 491 2626 noi
512 2582 570 2626 de
584 2580 771 2638 justicia
796 2583 919 2624 serra
947 2581 1150 2637 prouisto
1179 2596 1266 2625 con
1297 2588 1459 2637 questo
1489 2583 1575 2625 che
1596 2581 1699 2625 ditti
1726 2581 1959 2639 magnifici

305 2660 448 2717 jurati
469 2658 666 2711 habiano
688 2658 734 2701 di
755 2658 850 2701 fare
870 2658 914 2701 la
933 2658 1231 2702 nominationi
1258 2660 1315 2702 de
1335 2658 1367 2702 li
1387 2658 1560 2716 legenti
1581 2666 1627 2703 et
1653 2659 1804 2715 quella
1831 2674 1858 2703 a
1879 2659 1960 2703 nui

312 2737 550 2782 tramettiti
571 2751 652 2794 per
674 2735 931 2779 confirmari
953 2736 1090 2791 quelli
1111 2738 1196 2780 che
1219 2752 1245 2780 a
1265 2736 1346 2779 nui
1362 2738 1509 2793 parra.

406 2829 446 2871 3.
514 2813 748 2859 Laudamo
787 2819 832 2856 et
869 2814 1211 2857 commandamo
1245 2815 1289 2857 la
1325 2813 1629 2857 conuentione
1666 2814 1779 2858 satta
1814 2828 1895 2870 per
1915 2815 1960 2858 lo

388 2943 399 2964 ¹
450 2941 510 2976 Ex
527 2939 752 2987 apographo
769 2949 931 2983 coaevo,
952 2938 991 2973 in
1010 2939 1141 2985 Epist.
1159 2939 1317 2981 Princ„
1337 2938 1416 2974 vol.
1431 2938 1483 2983 11,
1502 2937 1619 2973 unico
1632 2936 1700 2974 fol.
1719 2947 1765 2983 24
1781 2939 1873 2984 (91).

385 3003 399 3023 ²
451 3000 615 3037 Carolus
629 2999 678 3041 V,
697 2998 923 3045 imperator,
944 3003 983 3033 et
1002 2999 1168 3044 Joanna,
1189 2997 1274 3044 ejus
1293 3002 1431 3043 mater,
1456 3009 1622 3045 quorum
1639 2997 1798 3033 nomine
1817 3008 1959 3045 prorex

312 3061 522 3097 faucltates
539 3059 579 3095 in
597 3058 764 3107 epistola
779 3063 1103 3094 commemoratas
1121 3058 1441 3102 messanensibus
1459 3057 1659 3103 elargitur.
