2066 3490
262 296 310 331 40
804 285 988 322 COMMEN
995 294 1089 319 ΓΑΒ.
1117 285 1162 320 Ρ.
1191 286 1375 331 JJMENEZ

264 391 415 445 paese,
441 395 487 432 et
509 391 639 432 sene
661 401 812 432 uenne
833 387 881 430 in
902 386 1112 440 Francia,
1137 401 1163 430 e
1185 387 1432 431 trouasimo
1449 403 1476 431 a
1498 388 1667 431 Tolosa
1683 389 1916 432 otto'della

263 472 419 510 nostra
442 465 740 522 Compagnia‚
771 467 859 509 che
885 479 1024 509 erano
1061 463 1168 508 stati
1196 464 1410 508 scacciati
1432 465 1506 508 del
1527 464 1722 521 collegio
1743 465 1788 508 d’
1813 467 1914 523 Ap-

263 543 434 600 pamies
454 545 483 595 ¹,
505 542 616 586 citta
636 543 710 586 del
727 557 776 586 re
796 542 842 586 di
859 544 1082 594 Nauarra,
1109 542 1147 584 si
1164 556 1293 586 come
1314 541 1460 600 prima
1486 543 1649 586 furono
1668 542 1775 586 tutti
1803 542 1817 585 i
1839 557 1913 588 re-

262 620 413 677 ligiosi
431 621 475 662 d’
502 621 617 663 altre
639 619 864 676 religioni.

352 699 424 741 26.
491 699 528 741 E
549 699 716 755 perche
745 704 865 740 tutto
893 696 925 740 il
947 710 1092 753 regno
1114 711 1188 740 era
1219 696 1268 739 in
1304 711 1429 741 arme
1446 712 1526 754 per
1548 697 1744 754 cagione
1765 698 1823 741 de
1846 698 1910 755 gl’

260 775 464 828 heretici,
490 777 576 819 che
598 774 944 818 cominciauano
972 789 999 817 a
1020 773 1230 817 ribellare
1258 780 1419 818 contro
1447 773 1479 817 il
1501 789 1566 827 re,
1591 789 1617 818 e
1643 782 1803 818 contro
1825 774 1915 818 Dio

259 867 286 895 e
307 853 350 895 la
371 867 455 896 sua
477 860 608 896 santa
632 853 734 896 fede
755 852 994 904 catholica,
1021 850 1052 893 il
1070 853 1124 894 P.
1145 846 1310 895 Natale
1333 853 1433 896 fece
1454 854 1541 895 che
1562 853 1593 895 li
1616 852 1759 896 nostri
1781 855 1817 896 s’
1842 852 1916 895 in-'

260 931 532 974 formassero
554 930 601 972 in
624 931 790 973 Tolosa
811 929 855 971 d’
882 929 1033 972 alcuni
1056 928 1263 972 cittadini
1292 929 1546 986 principali,
1571 929 1717 973 nostri
1739 929 1915 985 deuoti,

260 1006 275 1049 i
298 1007 420 1063 quali
440 1007 777 1051 dimandauano
801 1022 863 1049 un
886 1006 1080 1063 collegio
1103 1006 1150 1049 in
1173 1007 1323 1062 quella
1339 1006 1465 1059 01113,
1492 1022 1542 1050 50
1558 1005 1619 1065 [vi
1637 1022 1714 1051 era
1730 1006 1917 1067 sicurta]

263 1099 343 1140 per
364 1085 532 1128 andare
553 1085 598 1128 la
619 1085 744 1128 uolta
766 1084 811 1127 di
842 1084 1048 1140 Pariggi‚
1080 1085 1200 1128 doue
1223 1098 1300 1127 era
1329 1083 1360 1126 il
1391 1086 1443 1127 P.
1471 1085 1671 1140 Laynez,
1701 1085 1917 1128 mandato

262 1163 337 1205 dal
354 1177 471 1218 papa
493 1162 576 1205 Pio
593 1169 756 1218 quarto
775 1162 846 1205 col
868 1161 1099 1204 cardinale
1121 1161 1167 1204 di
1184 1163 1221 1205 F
1223 1176 1376 1205 errata
1393 1176 1473 1218 per
1494 1163 1537 1204 le
1553 1176 1660 1224 cose
1676 1162 1795 1206 della
1810 1161 1915 1205 reli-

265 1239 406 1297 gione
434 1255 460 1284 e
490 1247 621 1283 santa
651 1240 751 1283 fede
788 1240 1028 1293 catholica;
1061 1246 1106 1282 et
1135 1240 1329 1283 essendo
1358 1228 1607 1283 certificato
1635 1241 1722 1283 che
1749 1246 1918 1296 poteua

267 1318 436 1361 andare
458 1316 779 1369 sicuramente,
805 1331 855 1360 se
877 1332 935 1360 ne
958 1317 1091 1373 parti.

781 1445 842 1474 FU
877 1445 1027 1474 PREso
1059 1433 1138 1475 DA’
1173 1445 1404 1475 HERETICI

359 1556 430 1599 27.
497 1544 782 1602 Seguitando
804 1544 836 1586 il
857 1559 941 1587 suo
965 1544 1120 1601 uiagio
1143 1559 1277 1588 uerso
1296 1543 1503 1601 Pariggi‚
1529 1545 1620 1588 due
1643 1559 1670 1587 o
1693 1551 1762 1587 tre
1784 1544 1922 1601 leghe

269 1623 456 1666 lontano
477 1623 534 1666 de
558 1622 740 1675 Tolosa,
765 1621 813 1664 in
835 1637 898 1664 un
921 1621 1124 1665 hosteria
1146 1621 1193 1664 in
1215 1635 1485 1678 campagna,
1513 1636 1575 1664 un
1597 1621 1755 1678 miglio
1777 1620 1922 1678 prima

268 1701 313 1743 d’
341 1700 541 1744 arriuare
562 1700 620 1743 ad
659 1714 750 1742 una
784 1706 902 1742 terra
925 1698 1151 1742 chiamata
1179 1701 1435 1742 Rauastens
1464 1699 1498 1751 ²,
1530 1699 1801 1742 trouassimo
1830 1713 1922 1742 una

270 1859 382 1889 extra
400 1854 587 1902 oppidum
604 1859 712 1891 esset
728 1854 842 1890 nobis
868 1853 1178 1901 pernoctandum
1203 1865 1293 1889 cum
1324 1853 1509 1900 maximo,
1529 1859 1569 1889 et
1587 1854 1777 1902 periculo,
1797 1859 1838 1890 et
1854 1854 1921 1890 de-

271 1914 504 1950 trimento...

343 1974 567 2021 Antequam
586 1974 812 2010 veniremus
833 1974 1033 2017 Tolosam,
1058 1985 1178 2020 quum
1195 1972 1462 2018 cogitaremus
1476 1973 1659 2020 Epamias
1683 1973 1733 2009 ad
1750 1979 1921 2019 nostros,

268 2034 537 2069 intelleximus
556 2035 605 2071 ab
623 2033 835 2069 haereticis
853 2033 1040 2079 reiectos,
1061 2037 1101 2068 et
1120 2033 1332 2068 monachos
1351 2044 1503 2077 omnes,
1526 2038 1566 2068 et
1584 2038 1754 2069 nostros.

343 2094 743 2130 TOLOSAE.—Prima
773 2099 905 2140 nocte,
925 2093 1144 2140 periculum
1163 2104 1185 2127 a
1215 2093 1425 2128 caluinista
1453 2093 1655 2129 haeretice
1685 2093 1922 2141 impetuoso.

341 2153 574 2200 Reperimus
589 2165 672 2198 eos,
687 2154 755 2201 qui
773 2153 891 2189 eiecti
905 2153 1063 2188 fuerant
1076 2151 1252 2199 Epamiis
1266 2152 1307 2188 in
1322 2153 1561 2189 monasterio
1576 2153 1617 2189 S,
1634 2153 1780 2190 Mariae
1795 2155 1925 2190 Deau-

274 2218 397 2249 ratae.
420 2214 606 2260 Visitaui,
626 2218 706 2249 010.

340 2272 415 2319 Egi
431 2284 521 2308 cum
540 2275 742 2321 Delpeche
757 2279 797 2309 01
816 2272 903 2308 31115
921 2272 1117 2320 primariis
1133 2271 1418 2307 mercatoribus
1437 2272 1487 2308 de
1500 2272 1730 2309 fundatione
1749 2273 1928 2321 collegii,

270 2344 349 2379 qua
365 2332 414 2367 de
432 2344 475 2368 re
493 2333 629 2380 accepi
647 2333 781 2369 literas
800 2332 848 2368 ad
867 2332 1106 2367 cardinalem
1122 2331 1420 2378 Armignaeum.

342 2392 603 2439 Incoeperant
620 2393 698 2428 iam
724 2393 855 2427 furere
874 2392 1122 2427 caluinistae.

344 2452 392 2487 IN
410 2461 480 2487 VIA
498 2451 1066 2488 TOLOSA-RUTHENUM.—Ad
1085 2450 1271 2498 oppidum
1289 2451 1526 2498 Rabastens‚
1544 2451 1691 2488 fuimus
1717 2454 1766 2489 ab
1790 2454 1925 2489 haere-

272 2510 362 2546 ticis
380 2511 603 2559 intercepti3
623 2517 663 2547 et
680 2512 839 2547 tametsi
856 2512 951 2547 nihil
967 2511 1082 2548 nobis
1101 2510 1323 2557 nocuerint,
1338 2509 1485 2547 fuimus
1500 2516 1647 2558 tamen,
1661 2512 1925 2559 examinibus,

275 2570 407 2617 minis,
425 2571 675 2607 contumeliis
694 2572 899 2618 exagitati.

347 2630 509 2666 Fuimus
523 2631 563 2666 in
580 2643 732 2667 summo
750 2632 938 2678 periculo,
959 2636 999 2667 et
1016 2643 1136 2678 quum
1155 2630 1419 2677 noscaptiuos
1433 2632 1626 2667 haberent
1643 2636 1723 2667 tres
1737 2633 1867 2679 horas,
1886 2638 1927 2668 et

276 2690 317 2726 in
335 2690 486 2737 maiori,
505 2703 625 2738 quum
643 2693 717 2727 sub
735 2696 892 2726 noctem
910 2704 982 2727 nos
1012 2690 1260 2726 dimitterent
1290 2690 1339 2725 ad
1369 2690 1597 2737 hospitium;
1617 2702 1687 2726 nos
1712 2696 1774 2726 est
1790 2703 1928 2728 conse—

272 2755 390 2785 cutus
407 2762 457 2785 ex
474 2750 570 2796 ipsis
589 2762 724 2798 eques,
744 2751 811 2797 qui
830 2763 901 2786 nos
919 2751 1049 2786 fuerat
1067 2755 1151 2785 tota
1170 2750 1237 2785 illa
1256 2750 1320 2784 via
1337 2749 1580 2785 insecutus.»

350 2811 360 2831 ¹
413 2810 608 2856 «Pamiae,
622 2811 822 2852 Pamiers,
840 2812 932 2846 urbs
949 2810 1200 2858 Aquitaniae,
1217 2809 1320 2856 apud
1333 2809 1573 2845 Garumnam
1587 2810 1765 2857 fluvium,
1780 2810 1929 2857 episco-

276 2867 374 2914 palis
393 2870 467 2904 sub
486 2869 794 2916 Archiepiscopo
813 2871 1026 2916 Tolosano,
1045 2870 1136 2905 inde
1154 2877 1176 2914 7
1207 2868 1330 2904 leucis
1348 2868 1389 2904 in
1419 2869 1694 2905 meridiem...»
1725 2871 1929 2916 FERRAm,

281 2928 450 2963 Lexicon
464 2930 690 2976 geograph.

347 2990 361 3009 ²
414 2989 707 3024 «RABASTENS.
722 2988 832 3034 4,985
847 2990 886 3024 h.
903 2989 1007 3025 Ville
1022 2989 1072 3024 de
1088 2990 1238 3024 France
1254 2989 1405 3035 (Tarn),
1420 3001 1495 3024 arr.
1512 2989 1561 3025 de
1576 2988 1743 3034 Gaillac,
1758 2989 1821 3023 ch.
1836 2988 1929 3024 l.de

274 3052 380 3082 cant.
397 3059 463 3082 sur
481 3048 517 3083 le
535 3046 620 3083 rive
639 3048 697 3083 dr.
717 3048 770 3083 du
787 3048 905 3093 Tam-3
927 3049 1074 3084 station
1091 3046 1144 3081 du
1163 3046 1290 3081 chem.
1310 3045 1360 3080 de
1385 3047 1443 3084 fer
1461 3048 1510 3084 de
1529 3049 1728 3084 Toulouse
1746 3047 1768 3083 ὲ
1793 3047 1927 3083 Albi.»

276 3105 462 3152 GUERIN,
483 3107 662 3142 Diction.
682 3108 750 3142 des
768 3107 934 3142 diction.
