2028 3484
736 314 783 350 16
805 315 1040 352 FEBRUARn
1067 316 1155 362 1561
1697 315 1772 362 385

101 414 162 461 {n
184 417 356 475 regulis
378 416 584 474 magistri
601 415 905 470 nouiciorum,
925 416 984 460 ad
999 423 1271 471 extremum,
1292 417 1411 461 iniis
1428 417 1631 472 monitiS,
1652 432 1770 474 quae

103 493 328 552 ‘priuatim
350 494 557 550 Goncalo
579 494 778 538 Aluarez
800 493 998 546 dictasti,
1023 500 1070 538 et
1091 495 1149 538 ad
1170 494 1371 539 officium
1399 495 1607 552 magistri
1635 495 1770 540 noui-

105 572 292 616 ·ciorum
314 570 576 616 adiunxisti:
605 572 698 615 «La
718 571 885 628 platica
906 575 1007 616 sera
1034 575 1061 615 a
1083 586 1174 615 una
1194 573 1307 615 hora
1329 572 1706 616 accommodada:
1732 572 1771 616 si

119 664 201 707 por
222 651 362 694 ahora
382 663 443 692 no
464 648 649 706 podiere
669 663 744 692 ser
764 647 1025 692 immediata
1045 653 1073 693 a
1093 649 1137 693 la
1158 648 1342 703 missa»;
1374 651 1487 693 haec
1515 648 1613 706 ipsa
1643 650 1772 693 clau—

106 728 219 771 :sula
241 726 348 771 fecit
368 733 640 784 potestatem
661 725 884 780 mutandi,
909 725 948 769 si
975 725 1223 771 necessitas
1251 733 1452 783 urgeret.
1480 726 1647 784 Coegit
1674 727 1773 771 sine

119 804 259 848 dubio
281 803 530 849 necessitas
549 810 748 858 mutare3
773 803 988 860 quoniam
1019 802 1212 856 nouicii,
1247 803 1322 847 vel
1352 810 1462 847 sunt
1493 803 1769 857 scholastici,

109 883 192 926 vel
213 881 399 938 opifices
420 880 468 925 in
488 880 584 925 suis
606 878 766 925 officiis
787 881 921 924 valde
942 879 1168 937 occupati.
1195 879 1508 935 Scholasticis,
1540 880 1579 924 si
1606 881 1773 924 exhor-

110 959 230 1003 'tatio
251 959 382 1003 fieret
408 957 562 1002 statim
590 964 694 1015 post
721 972 903 1003 sacrum
918 991 928 1011 ,
959 958 1138 1001 nullum
1170 957 1264 1002 fere
1292 964 1474 1015 tempus
1501 957 1773 1014 relinquitur

111 1043 365 1092 antequam
401 1036 682 1080 descendant
708 1034 758 1078 in
783 1034 1099 1092 gymnasium,
1130 1049 1222 1091 quo
1249 1033 1427 1091 possint
1453 1035 1528 1079 vel
1555 1033 1774 1079 lectiones

117 1112 403 1171 praeuidere,
428 1113 520 1156 imo
541 1127 651 1157 vero
672 1111 711 1156 si
732 1112 1031 1169 repetendum
1052 1118 1123 1156 est
1139 1118 1243 1168 post
1258 1111 1639 1165 exhortationem,
1659 1118 1712 1155 ut
1728 1111 1775 1156 in

59 1200 62 1202 ’
111 1190 294 1248 ‘regulis
315 1191 555 1243 habemus,
576 1196 756 1247 tempus
772 1203 866 1233 non
881 1189 1065 1242 sufficit,
1085 1188 1318 1245 quoniam,
1338 1203 1441 1233 cum
1459 1188 1578 1233 inter
1594 1203 1775 1233 sacrum

113 1275 168 1313 et
197 1267 489 1326 gymnasium
523 1267 602 1311 vix
632 1273 814 1311 maneat
843 1268 956 1310 hora
986 1266 1167 1324 integra
1192 1279 1299 1309 cum
1335 1267 1605 1322 quadrante,
1645 1267 1775 1311 deest

112 1353 302 1403 tempus
337 1344 395 1390 ad
431 1345 695 1389 cubiculum
731 1345 1022 1398 vertendum,
1062 1351 1109 1388 et
1146 1344 1204 1388 ad
1240 1344 1328 1387 alia
1358 1343 1638 1388 necesssaria
1667 1359 1774 1401 per-

114 1424 317 1481 agenda.
343 1424 410 1468 At
430 1422 633 1479 opifices,
658 1421 697 1465 si
717 1422 872 1478 aliquo
896 1428 1099 1478 tempore
1128 1420 1272 1465 totius
1299 1420 1390 1465 diei
1416 1421 1464 1464 in
1490 1421 1587 1465 suis
1613 1421 1776 1466 officiis

116 1508 231 1545 sunt
247 1499 508 1555 necessarii,
529 1507 626 1544 tum
642 1498 838 1544 maxime
854 1506 978 1543 sunt.
1000 1500 1159 1555 Itaque
1174 1499 1248 1543 vel
1265 1498 1418 1542 studia
1432 1498 1712 1543 nouitiorum
1728 1506 1776 1544 et

116 1578 370 1623 domestica
392 1577 539 1621 officia
559 1576 808 1621 maximum
835 1583 967 1620 erant
994 1575 1318 1621 detrimentum
1346 1591 1561 1634 passura,
1591 1577 1666 1621 vel
1692 1592 1774 1621 ex-

113 1655 318 1700 hortatio
339 1654 477 1698 nullis
498 1655 572 1698 vel
593 1655 651 1698 ad
672 1668 902 1698 summum
933 1654 1115 1698 duobus
1143 1654 1217 1698 vel
1245 1653 1391 1697 tribus
1420 1653 1628 1698 facienda
1657 1661 1770 1698 erat.

114 1733 211 1778 JHis
238 1732 382 1790 igitur
407 1733 465 1776 de
492 1731 642 1776 causis
670 1746 698 1775 a
725 1731 1036 1788 superioribus
1072 1731 1323 1775 iudicatum
1359 1738 1430 1775 est
1466 1732 1643 1774 nullum
1675 1746 1776 1776 esse

114 1818 304 1868 *tempus
326 1809 493 1867 aptius,
520 1824 610 1865 quo
633 1807 809 1866 possint
830 1823 989 1852 omnes
1011 1807 1258 1852 conuenire
1280 1815 1372 1852 tam
1394 1808 1671 1864 scholastici,
1697 1808 1776 1865 qui

124 1891 236 1932 tunc
257 1888 372 1931 duas
393 1888 565 1931 habent
585 1888 724 1930 horas
745 1885 950 1943 integras
971 1892 1018 1930 et
1035 1887 1093 1929 ad
1114 1886 1392 1930 studendum
1414 1893 1461 1930 et
1482 1887 1540 1930 ad
1562 1888 1650 1930 hoc
1673 1894 1775 1930 tan-

117 1965 364 2009 tummodo
387 1964 654 2018 destinatas3
686 1979 823 2020 quam
851 1963 1055 2026 opifices,
1090 1964 1184 2020 qui,
1216 1963 1255 2007 si
1277 1978 1368 2020 quo
1401 1970 1604 2021 tempore
1637 1963 1778 2007 totius

116 2042 215 2087 diei
235 2042 438 2099 requiem
460 2042 658 2098 aliquam
675 2043 732 2085 ab
749 2041 909 2085 officiis
925 2042 1095 2085 habere
1111 2049 1320 2098 possunt,
1342 2050 1440 2086 tum
1456 2042 1653 2087 maxime
1668 2056 1777 2099 pos-

123 2126 247 2173 sunt,
273 2120 457 2177 quando
478 2126 672 2176 possunt
693 2118 783 2162 iam
804 2133 877 2162 res
899 2133 1006 2162 suas
1028 2118 1091 2162 ita
1113 2119 1389 2175 compositas
1411 2119 1691 2175 relinquere,
1727 2125 1779 2162 ut

118 2196 253 2242 breui
291 2204 494 2254 tempore
524 2202 628 2253 post
654 2195 1019 2240 exhortationem
1047 2195 1230 2249 relicto,
1256 2195 1303 2239 id
1324 2204 1411 2250 est,
1437 2210 1531 2240 una
1558 2198 1672 2240 hora
1700 2211 1779 2240 eas

118 2274 301 2332 possint
322 2275 380 2318 ad
400 2288 590 2317 coenam
611 2272 840 2330 expedire3
867 2273 990 2329 quod
1018 2271 1057 2316 si
1084 2272 1270 2317 omnino
1298 2288 1392 2317 non
1419 2281 1635 2331 possunt,
1669 2281 1779 2317 tunc

124 2351 397 2396 necessitate
419 2350 566 2395 coacti
586 2356 788 2403 manent,
813 2356 860 2394 et
881 2349 945 2392 ita
966 2350 1019 2392 fit
1041 2356 1092 2392 ut
1114 2349 1246 2393 multi
1274 2350 1426 2394 adsint
1453 2358 1500 2395 et
1531 2350 1666 2408 pauci
1697 2351 1779 2394 de-

119 2429 233 2474 sint.
260 2429 399 2486 Quod
421 2435 575 2472 autem
595 2427 765 2471 vereris
787 2443 846 2472 ne
868 2427 1011 2470 multa
1038 2428 1331 2472 cumulentur
1354 2435 1557 2485 tempore
1579 2428 1781 2485 pomeri-

119 2507 279 2560 diano,
304 2506 485 2550 videtur
506 2504 618 2548 nihil
639 2519 740 2549 esse
756 2505 1025 2557 verendum,
1046 2503 1261 2560 quoni-am
1278 2506 1538 2550 scholastici
1554 2506 1782 2550 immunes

126 2591 235 2628 sunt
257 2599 283 2627 a
304 2582 527 2637 doctrina,
553 2588 731 2626 tantum
752 2582 925 2626 habent
952 2581 1075 2625 istud
1102 2582 1415 2639 occupationis
1443 2582 1489 2626 in
1519 2583 1594 2627 illa
1622 2582 1782 2640 quinta

122 2662 255 2714 hora,
280 2668 326 2706 et
347 2659 533 2705 alternis
555 2659 718 2703 diebus
739 2658 892 2702 statim
920 2666 1023 2715 post
1054 2658 1252 2715 quietem
1281 2668 1553 2704 exercentur
1581 2661 1639 2704 ad
1667 2674 1779 2703 con-

121 2738 414 2791 tionandum,
439 2738 562 2793 quod
583 2736 693 2793 ipsis
715 2750 808 2780 non
829 2736 964 2780 durat
986 2735 1072 2779 nisi
1092 2750 1183 2779 uno
1200 2738 1467 2792 quadrante.
1489 2739 1646 2793 Itaque
1663 2737 1782 2781 inte-

127 2830 258 2872 gram
279 2816 451 2859 habent
471 2816 630 2858 horam
653 2820 899 2869 antequam
928 2814 1209 2857 descendant
1236 2813 1284 2857 in
1303 2814 1620 2871 gymnasium.
1658 2814 1784 2858 Reli-

121 2891 229 2948 quis
254 2906 387 2946 vero,
418 2891 497 2947 qui
525 2891 573 2934 in
599 2889 760 2934 officiis
789 2883 1053 2934 domesticis
1081 2897 1346 2944 versantur,
1378 2890 1417 2934 si
1445 2890 1598 2935 officia
1630 2892 1783 2935 locum

122 2970 255 3023 dant,
280 2969 417 3013 etiam
439 2983 533 3012 non
553 2967 768 3017 videntur
789 2968 934 3010 multa
956 2967 1207 3020 cumulare,
1233 2968 1498 3024 praesertim
1514 2981 1620 3012 cum
1639 2983 1781 3024 quae-

123 3062 298 3101 ramuS,
318 3054 364 3091 et
386 3060 545 3090 revera
560 3045 798 3088 inventum
815 3044 890 3097 sit,
912 3051 1107 3101 tempus,
1127 3043 1175 3087 in
1198 3059 1289 3101 quo
1313 3045 1463 3090 officia
1486 3046 1584 3103 ipsa
1605 3046 1783 3090 soleant

128 3124 303 3181 aliquid
324 3122 404 3167 otii
426 3124 548 3167 dare.
582 3123 684 3179 Ego
712 3129 773 3175 te,
799 3123 854 3165 R.
883 3123 956 3175 P.,
989 3121 1324 3178 quamprimum
1352 3123 1592 3168 certiorem
1623 3122 1785 3167 faciam

277 3208 393 3237 Emsr.
412 3206 450 3235 P.
472 3206 608 3240 NAmu..
629 3213 703 3235 tou.
725 3204 753 3234 1.
1574 3207 1611 3236 25
