2046 3510
884 242 1086 289 1535-1538
1784 246 1807 282 3

155 347 260 392 cobi
287 349 298 370 ¹
321 347 684 404 persecutionem
706 346 1040 399 salmantinam,
1060 353 1106 389 et
1127 347 1510 403 quemadmodum
1534 348 1682 392 fuerat
1698 363 1807 393 exa-

156 424 373 478 minatus,
398 431 507 479 etc.;
533 425 656 480 quod
678 439 733 468 eo
755 424 893 468 credo
920 430 1167 480 spectasse,
1199 425 1324 480 quod
1351 424 1542 468 sentiret
1568 440 1642 469 me
1670 440 1723 469 ea
1751 441 1807 470 ex

156 508 287 559 parte
307 501 371 545 illi
393 501 574 546 fortasis
595 517 688 546 non
709 502 866 554 fidere,
893 501 1017 556 quod
1037 501 1177 557 longe
1198 508 1296 544 erat
1317 517 1344 544 a
1365 516 1490 546 vero.

247 594 290 637 9.
356 578 501 623 Duxit
523 580 581 622 ad
603 593 796 636 paruum
819 578 930 621 illud
953 584 999 622 et
1021 577 1260 634 antiquum
1286 579 1521 635 templum,
1548 580 1670 634 quod
1691 587 1760 623 est
1782 594 1809 623 e

154 656 348 713 regione
355 663 515 713 portae
524 656 917 700 dominicanorum
928 655 943 676 ²
952 688 962 708 ,
975 669 1029 699 ac
1038 669 1177 712 super
1186 656 1357 718 fontem
1367 655 1579 712 baptismi
1588 656 1804 712 prolixam

155 733 393 790 epistolam
416 735 431 756 ³
454 733 565 776 mihi
586 733 716 791 legit,
749 747 885 789 quam
912 731 960 775 in
988 731 1258 789 Hispaniam
1287 733 1346 776 ad
1372 739 1585 790 nepotem
1607 733 1623 754 ⁴
1647 748 1808 790 quem—

151 811 259 854 dam
276 825 411 854 suum
428 811 628 865 miserat,
648 818 695 855 et
712 817 808 855 tota
824 811 1060 867 spectabat
1076 807 1147 868 [eo
1164 809 1231 871 ut]
1241 810 1368 853 illum
1385 826 1412 854 a
1429 811 1584 854 seculo
1594 819 1808 855 euocaret

138 889 214 952 ⁴ad
234 887 357 932 vitae
377 888 721 945 perfectionem.
747 887 813 931 Ibi
834 902 944 931 vero
966 887 1159 944 agnouit
1179 888 1375 931 daemon
1402 887 1623 945 epistolae
1652 889 1807 932 effica-

152 964 271 1009 ciam
301 973 347 1010 et
374 965 556 1023 Ignatii,
586 972 632 1010 et
663 967 958 1009 vehementer
983 979 1058 1008 me
1083 961 1300 1009 alienauit
1326 966 1384 1008 ab
1411 965 1597 1022 spiritu,
1628 965 1708 1022 qui
1734 981 1807 1010 me

153 1044 413 1099 appetebat.
439 1044 613 1099 Itaque,
639 1057 780 1099 quum
802 1042 1141 1099 egrederemur,
1173 1049 1220 1086 et
1246 1042 1294 1085 in
1321 1057 1427 1087 area
1454 1042 1807 1087 consisteremus

111 1117 114 1119 Α
153 1127 263 1164 ante
284 1120 503 1164 ecclesiae
519 1127 712 1177 portam,
738 1119 830 1163 dixi
847 1118 1041 1176 Ignatio:
1067 1120 1196 1176 «Ego
1213 1121 1338 1164 hunc
1359 1120 1527 1163 librum
1549 1121 1654 1164 volo
1675 1121 1806 1177 sequi

148 1197 394 1255 (habebam
417 1212 588 1241 nouum
612 1204 935 1243 testamentum
963 1195 1011 1240 in
1033 1196 1203 1253 manu):
1234 1212 1317 1242 vos
1344 1197 1500 1241 nescio
1523 1212 1614 1254 quo
1636 1199 1806 1242 euade-⁴

156 1274 234 1319 tis:
280 1275 393 1319 nihil
434 1274 628 1332 amplius
670 1289 850 1319 mecum
892 1275 951 1318 de
986 1273 1057 1318 his
1099 1275 1237 1318 rebus
1281 1274 1456 1332 egeris,
1502 1289 1588 1319 nec
1631 1276 1690 1320 de
1732 1290 1806 1319 me

150 1366 333 1396 cures.»
1006 1339 1010 1344 ”

251 1442 318 1474 Ιο.
385 1431 559 1475 Sensus
580 1429 717 1473 animi
739 1429 830 1473 mei
852 1429 918 1473 sic
941 1429 1043 1472 fuit:
1069 1429 1175 1489 nolo
1191 1428 1263 1472 his
1279 1443 1353 1472 me
1376 1431 1391 1452 ³
1414 1429 1682 1487 adiungere:
1703 1430 1805 1487 quis

154 1506 243 1551 scit
270 1522 329 1551 an
356 1507 560 1551 incident
587 1507 832 1563 aliquando
860 1507 908 1550 in
935 1505 1248 1563 inquisitores?
1277 1506 1498 1551 Existimo
1530 1508 1806 1552 deterruisse

155 1599 230 1629 me
256 1586 314 1628 ab
336 1584 515 1642 Ignatio
543 1587 818 1628 monachum
848 1584 1199 1637 franciscanum,
1221 1584 1543 1638 Panadesium,
1570 1593 1805 1629 conterra-

154 1677 294 1706 neum
315 1676 467 1706 meum
489 1669 536 1706 et
558 1662 841 1715 familiarem,
861 1661 936 1706 cui
953 1668 1051 1706 erat
1066 1660 1314 1705 auctoritas
1330 1676 1424 1705 non
1440 1662 1662 1720 vulgaris,
1683 1663 1807 1719 quod

156 1754 340 1783 vererer
359 1754 418 1783 ne
439 1723 621 1783 sinistre
641 1739 688 1782 in
716 1739 908 1796 patriam
936 1741 993 1783 de
1021 1739 1126 1798 [me]
1155 1738 1389 1783 scriberet.
1423 1739 1635 1797 Amplius
1663 1742 1806 1785 Lute-

155 1812 256 1861 ciae
276 1831 370 1860 non
390 1816 500 1870 vidi,
525 1831 611 1861 nec
632 1817 878 1874 Ignatium,
903 1831 989 1862 nec
1011 1831 1286 1873 quemquam
1309 1831 1335 1860 e
1362 1816 1474 1860 suis.
1523 1853 1526 1857 .
1766 1803 1768 1805 ,

254 1907 320 1938 11.
385 1894 519 1938 Initio
546 1894 675 1948 belli,
707 1895 830 1951 quod
858 1901 1041 1952 gestum
1079 1894 1179 1953 [est]
1219 1894 1267 1937 in
1298 1894 1544 1938 Prouincia
1572 1910 1598 1939 a
1625 1910 1808 1940 caesare

157 1972 322 2016 Carolo
346 1974 426 2027 5.⁰,
452 1987 593 2028 quum
616 1988 643 2016 a
665 1979 885 2016 tunetana
905 1971 1196 2029 expeditione
1217 1972 1427 2016 rediisset
1461 1979 1621 2016 contra
1650 1987 1807 2030 regem

156 2049 467 2102 Franciscum‚
498 2056 544 2093 et
571 2049 779 2106 Ignatius
805 2049 853 2092 in
882 2049 1151 2106 Hispaniam
1173 2051 1207 2103 ⁶,
1240 2057 1286 2093 et
1313 2056 1474 2107 postea
1501 2049 1614 2094 socii
1641 2050 1688 2094 in
1716 2051 1809 2094 Ita-

158 2126 264 2170 liam
290 2129 321 2179 ⁷,
347 2132 393 2170 e't
414 2141 503 2184 ego
525 2126 803 2170 Auinionem
825 2126 1118 2170 discessimus
1140 2128 1173 2170 ⁸.

235 2302 244 2322 ¹
295 2301 356 2335 Ita
373 2301 644 2347 appellabatur
660 2305 770 2347 porta
786 2299 975 2344 civitatis,
993 2311 1094 2347 quae
1107 2299 1279 2335 ducebat
1291 2299 1342 2335 ad
1356 2299 1487 2336 vicum
1506 2301 1761 2347 Jacobaeum.

232 2362 246 2381 ²
297 2359 392 2395 Divi
407 2359 605 2395 Dominici
618 2361 809 2407 templum
826 2359 1024 2396 interdum
1038 2359 1172 2395 adibat
1190 2359 1382 2406 Ignatius,
1402 2360 1539 2396 orandi
1551 2354 1692 2407 gratia.
1708 2360 1810 2396 Vide

157 2419 262 2455 Acta
281 2420 539 2462 Sanctorum,
559 2425 654 2455 tom.
673 2420 750 2455 VII
768 2419 878 2466 Julii,
898 2420 999 2455 Acta
1017 2419 1321 2465 antiquissima,
1340 2431 1380 2456 n.
1400 2427 1460 2465 79.

233 2480 247 2500 ³
297 2479 407 2515 Haec
424 2491 538 2526 porro
556 2478 722 2526 epistola
734 2478 980 2515 desideratur
997 2478 1038 2514 in
1055 2478 1290 2515 collectione
1309 2478 1565 2526 epistolarum
1584 2480 1624 2515 S.
1652 2479 1811 2526 Ignatii,

159 2550 289 2587 neque
306 2539 356 2575 de
374 2550 421 2574 ea
437 2538 584 2586 aliquid
601 2539 797 2583 novimus,
816 2544 972 2586 praeter
989 2539 1100 2583 haec,
1119 2550 1220 2586 quae
1238 2550 1261 2574 a
1277 2539 1467 2578 P.,Nadal
1486 2539 1550 2575 hic
1568 2545 1809 2576 asseruntur.

232 2600 248 2620 ⁴
297 2600 358 2634 De
377 2598 588 2646 nepotibus
607 2598 647 2634 S.
668 2598 827 2645 Ignatii,
845 2598 897 2634 cf.
925 2597 1074 2634 cartas
1099 2599 1146 2634 de
1169 2598 1214 2636 S.
1233 2598 1416 2646 Igmwio,
1438 2599 1469 2643 I,
1488 2606 1525 2644 7,
1552 2604 1688 2635 annot.
1715 2608 1751 2644 23
1771 2606 1812 2635 et

156 2658 381 2702 POLANCO,
403 2657 569 2700 Chron„
589 2658 621 2703 1,
648 2658 830 2705 Append.
850 2659 902 2693 ΙΙ.

233 2718 248 2740 ⁵
298 2718 388 2760 Ms.‚
407 2718 501 2752 nolo
518 2729 581 2753 me
598 2718 660 2753 his
677 2730 740 2753 me
753 2718 996 2766 adiungere.

233 2778 248 2799 ⁶
299 2777 377 2821 Sc„
399 2782 586 2813 autumno
602 2777 695 2813 anni
715 2776 820 2823 1535.
839 2777 941 2813 Vide
959 2778 1180 2822 POLANCO,
1202 2776 1369 2819 Chron„
1390 2778 1422 2822 Ι,
1441 2786 1503 2822 52.

235 2839 248 2859 ·’
302 2845 341 2872 11
363 2836 599 2872 Novembris
620 2836 725 2882 1536.
746 2837 966 2883 POLANCO,
987 2836 1155 2879 chron„
1174 2837 1207 2883 Ι,
1228 2846 1287 2882 54.

236 2897 252 2918 ⁸
301 2895 369 2931 Sic
385 2896 584 2932 concludit
601 2896 725 2932 Nadal
740 2896 852 2933 initio
866 2897 950 2933 folii
966 2897 1018 2942 4¹
1043 2896 1307 2932 narrationem
1320 2908 1451 2932 rerum
1465 2896 1625 2932 Parisiis
1639 2902 1812 2934 actarum

163 2954 279 2991 annis
295 2954 385 3001 1535
404 2961 444 2992 et
464 2955 570 3001 1536,
588 2956 768 3003 quamvis
786 2956 826 2992 in
847 2955 1008 2992 exordio
1032 2967 1111 2991 non
1134 2955 1210 2991 nisi
1234 2955 1403 3003 priorem
1428 2968 1572 2991 annum
1595 2958 1812 2994 annotavit.

156 3014 377 3062 :Reliquum
389 3014 484 3051 vfolii
505 3016 556 3061 4.i
582 3015 677 3051 nihil
708 3015 898 3063 seriptum
927 3016 1061 3059 habet,
1087 3020 1127 3051 et
1157 3015 1271 3051 initio
1302 3014 1386 3051 folii
1417 3015 1465 3060 5.i
1491 3020 1577 3051 acta
1609 3016 1815 3053 Avenione

169 3085 350 3110 enarrare
368 3073 520 3122 incipit.
