2028 3484
290 272 359 310 290
533 294 536 299 .
864 260 1004 296 EP1s‘r.
1031 258 1076 295 P.
1103 257 1363 306 NADAL—73

283 381 376 410 non
396 364 428 408 li
452 364 590 422 piglia
611 379 691 421 per
712 363 921 407 instituto
942 376 1050 416 SUO,
1081 369 1245 406 stanno
1272 362 1422 408 auersi
1436 361 1724 410 'd'2introdur
1747 361 1925 418 collegij

284 444 402 489 della
423 441 708 499 Compagnia
729 441 777 484 in
798 440 1061 486 Germania.
1115 472 1118 476 -
1364 481 1367 486 .

376 533 442 564 10.
477 549 480 552 «
509 520 686 576 Questo
708 518 950 566 habbiamo
973 516 1141 562 sentito
1157 523 1524 574 expressamente
1546 517 1620 560 dal
1642 518 1920 562 confessore.

282 600 491 642 Pensaua
511 595 555 639 io
578 598 656 639 un'
681 610 826 650 mezo,
849 595 1011 647 Padre,
1032 594 1104 637 001
1119 594 1254 650 quale
1269 608 1358 638 con
1374 594 1542 652 pogchi
1558 593 1604 637 di
1621 593 1764 637 nostri
1785 592 1824 637 si
1840 608 1923 650 po-

278 673 451 720 tessino
474 673 655 717 fundar’
679 672 805 716 molti
829 671 1007 729 collegij
1032 672 1151 716 della
1172 671 1458 729 Compagnia
1474 671 1520 716 in
1542 678 1704 728 questa
1720 671 1920 724 natione,

277 752 309 795 il
331 751 466 808 quale
486 752 546 794 ha
567 764 728 807 aparso
749 751 867 795 bene
889 750 1036 794 anche
1057 763 1084 792 a
1107 751 1161 793 P.
1188 751 1235 794 M
1243 760 1281 793 .0
1307 751 1503 807 LayneS,
1535 749 1637 796 ete
1658 749 1732 792 ch’
1756 747 1794 792 si
1818 749 1919 792 fun-

279 828 463 873 dassino
485 827 664 885 collegij
688 842 769 884 per
790 827 833 870 13
855 825 1157 883 Compagnia,
1177 826 1286 871 nelli
1303 826 1440 883 quali,
1460 842 1550 871 non
1570 825 1813 871 essendoui
1829 826 1931 870 eol—⁴

281 905 435 963 legiali
465 903 754 950 determinati
781 919 861 961 per
888 904 932 947 13
960 903 1261 960 Compagnia,
1294 903 1333 947 si
1360 903 1595 960 potessino
1616 902 1804 960 pigliar’,
1823 902 1926 946 altri

282 985 357 1027 ch’
381 998 474 1027 non
503 981 678 1026 fossino
705 980 994 1026 determinati
1024 995 1106 1038 per
1131 981 1301 1037 quella,
1334 982 1534 1027 secondo
1560 981 1592 1026 l'
1621 980 1780 1025 ordine
1807 980 1926 1025 della

279 1072 351 1116 4³
376 1066 504 1117 parte
525 1058 632 1107 delli
654 1057 986 1112 constitutioni,
1011 1072 1097 1101 eon
1119 1059 1206 1103 che
1227 1057 1266 1102 si
1288 1058 1454 1102 alcuno
1474 1057 1582 1103 delli
1603 1057 1682 1101 tali
1703 1072 1730 1100 o
1751 1058 1796 1101 d’
1821 1057 1924 1101 altri

280 1138 317 1182 si
340 1135 757 1182 accommodassino
794 1151 820 1180 a
857 1135 1001 1179 uoler’
1039 1136 1179 1180 esser’
1208 1134 1328 1181 della
1355 1134 1656 1192 Compagnia,
1688 1133 1922 1192 potessino

278 1217 417 1261 esser’
442 1213 618 1272 pigliati
640 1228 719 1270 per
741 1212 966 1269 collegiali
987 1211 1131 1256 nostri
1146 1212 1210 1255 fin
1227 1227 1254 1256 a
1269 1219 1395 1258 certo
1411 1227 1619 1267 numero,
1643 1211 1675 1255 il
1697 1212 1846 1268 quale,
1871 1225 1921 1257 se

278 1291 541 1351 potessimo‚
562 1290 674 1334 fussi
691 1305 882 1335 numero
898 1289 1159 1347 dupplicato
1175 1289 1221 1333 di
1236 1290 1389 1346 quello
1407 1305 1598 1335 numero
1614 1291 1688 1334 eh’
1706 1289 1856 1334 auessi
1871 1290 1919 1334 d’

278 1370 451 1416 seruire
472 1369 799 1421 actualmente,
831 1368 961 1411 uerbi
987 1369 1171 1425 gratia,
1198 1367 1489 1425 obligandosi
1508 1368 1553 1412 la
1579 1367 1864 1425 Compagriia
1895 1383 1921 1412 a

277 1449 358 1492 dar
380 1446 495 1491 tanti
510 1445 679 1501 lettori,
699 1452 807 1499 etc.,
828 1444 997 1502 potessi
1014 1445 1045 1487 l'
1065 1460 1257 1490 numero
1275 1447 1416 1490 esser’
1434 1445 1694 1503 dupplicato
1710 1460 1797 1490 con
1814 1461 1918 1491 ren-

277 1525 371 1570 dite
407 1531 628 1582 perpetue
662 1518 757 1580 per¹
780 1522 934 1579 quelli.
967 1524 1024 1566 Et
1051 1522 1354 1580 qualsiuoglia
1388 1524 1504 1567 altro
1529 1537 1720 1573 numero
1747 1523 1919 1580 potessi

276 1603 417 1648 esser’
448 1602 506 1647 de
532 1616 725 1659 persone
752 1615 841 1644 non
872 1599 1171 1645 determinate
1193 1601 1279 1644 alla
1307 1591 1615 1658 (3010938013,
1647 1607 1693 1646 et
1713 1601 1849 1644 etiam
1871 1600 1919 1644 in

271 1695 377 1725 caso
399 1681 470 1724 eh’
495 1680 527 1723 1’
551 1693 742 1724 numero
763 1685 919 1722 nostro
941 1678 1202 1735 dupplicato
1225 1693 1317 1722 non
1338 1678 1377 1723 si
1400 1679 1524 1724 fosse
1545 1679 1621 1724 nel
1637 1678 1848 1736 collegio,
1869 1693 1919 1724 se

273 1757 505 1816 potessino
527 1756 705 1814 pigliar’
730 1755 836 1801 delli
859 1755 935 1800 tali
958 1770 1052 1799 non
1074 1755 1378 1801 determinati.

368 1848 435 1880 11.
500 1834 616 1879 Dico
639 1833 732 1890 piu,
760 1834 924 1887 Padre,
949 1848 1044 1877 non
1066 1847 1117 1877 so
1139 1833 1177 1877 si
1199 1833 1260 1876 mi
1282 1848 1451 1879 muoue
1477 1834 1509 1876 l'
1542 1834 1721 1879 feruore
1749 1800 1795 1878 di
1818 1835 1915 1880 zelo

273 1913 447 1971 grande
468 1913 514 1955 d’
538 1912 692 1957 ueder'
714 1918 840 1954 tanta
857 1918 1053 1956 estrema
1069 1910 1251 1956 miseria
1266 1911 1313 1955 di
1330 1918 1492 1967 queste
1508 1911 1700 1965 nationi,
1721 1919 1767 1957 et
1788 1918 1916 1959 tanto

272 1997 431 2049 aperto
452 1988 652 2033 dominio
675 1988 863 2033 bestiale
885 1989 959 2033 del
980 1988 1207 2043 demonio,
1238 1995 1284 2033 et
1314 1993 1405 2033 tam
1427 1989 1596 2046 pogehi
1618 1988 1802 2046 remedij
1826 1991 1915 2033 hu-

272 2068 410 2113 mani:
436 2082 531 2111 non
552 2066 591 2110 si
620 2066 663 2110 fa
692 2065 847 2110 niente
873 2066 991 2110 della
1017 2065 1156 2119 dieta,
1182 2080 1232 2111 se
1253 2080 1348 2110 non
1371 2067 1444 2109 ch’
1469 2067 1777 2124 guadagnano
1805 2066 1915 2124 ogni

271 2146 434 2203 giorno
455 2145 502 2188 d’
526 2157 687 2201 grosso
707 2142 739 2185 li
766 2142 1011 2196 lutherani,
1043 2149 1187 2188 etsta
1208 2143 1497 2200 suppeditata
1519 2150 1565 2189 et
1585 2144 1853 2188 conculcata
1873 2144 1916 2188 13

268 2223 414 2268 uerita
435 2220 704 2278 euangelica
725 2234 813 2263 000
834 2234 1008 2263 somma
1028 2219 1254 2265 derisione
1275 2220 1321 2263 d’
1352 2220 1477 2274 tutti,
1501 2220 1548 2264 di
1569 2221 1720 2275 modo,
1742 2222 1911 2275 Padre,

267 2315 360 2344 non
382 2301 501 2344 uedo
523 2300 597 2343 ch’
621 2312 790 2355 puossa
810 2296 1111 2341 considerarsi
1133 2311 1262 2342 come
1284 2297 1322 2342 si
1343 2298 1492 2343 debbe
1513 2313 1649 2343 senza
1670 2299 1801 2344 venir
1821 2313 1913 2344 una

269 2378 417 2422 anima
438 2377 485 2420 in
507 2375 697 2422 extremi
719 2374 881 2432 grandi
903 2400 962 2406 —
983 2400 1042 2406 —
1062 2399 1121 2406 —
1148 2376 1157 2396 ¹
1177 2374 1223 2418 di
1240 2375 1570 2432 compassione,
1591 2377 1705 2430 zelo,
1726 2383 1772 2421 et
1788 2376 1911 2422 desi-

265 2455 391 2500 derio
413 2455 552 2499 totale
573 2454 617 2496 d’
643 2452 817 2499 aiutare
840 2451 930 2509 (gia
952 2453 1024 2495 eh’
1050 2452 1166 2495 altra
1187 2466 1294 2495 cosa
1315 2454 1626 2498 non‘succede
1656 2468 1737 2510 per
1764 2453 1909 2501 nostri

263 2531 453 2590 peccati)
476 2545 563 2575 000
584 2531 616 2574 l’
640 2543 818 2586 sangue
840 2536 886 2573 et
913 2528 1023 2572 uita.
1058 2530 1116 2572 Et
1142 2537 1304 2584 questo
1326 2530 1435 2586 pero
1462 2529 1588 2583 dico,
1625 2531 1795 2583 padre,
1831 2532 1906 2574 ch’

263 2609 373 2666 ogni
405 2607 664 2652 conditione
691 2607 738 2649 d’
769 2605 948 2662 pigliar’
973 2605 1153 2662 collegij
1184 2605 1231 2649 in
1269 2613 1430 2662 questa
1466 2607 1666 2655 natione,
1683 2607 1909 2652 conuiene

262 2687 400 2732 credo
428 2690 774 2736 summamente‚
807 2698 856 2728 se
883 2698 975 2726 non
1012 2683 1055 2726 al
1083 2690 1296 2739 presente
1332 2690 1379 2728 et
1415 2684 1458 2727 al
1490 2684 1751 2741 particular’
1790 2685 1908 2730 della

263 2762 565 2821 Compagnia,
596 2762 801 2806 31103000
830 2760 872 2803 31
901 2759 1158 2805 Vniuersale
1186 2776 1211 2805 e
1238 2760 1496 2806 necessario
1525 2762 1642 2806 bene
1671 2761 1716 2805 di
1746 2767 1907 2818 queste

260 2840 431 2885 nationi
455 2847 501 2885 et
522 2841 553 2883 l'
577 2844 699 2883 resto
721 2837 794 2882 del
817 2836 1167 2890 christianismo,
1188 2837 1230 2880 31
1253 2838 1375 2893 qual'
1400 2845 1446 2882 et
1467 2837 1505 2882 si
1529 2839 1647 2883 uede
1669 2845 1715 2883 et
1731 2838 1769 2882 si
1788 2844 1919 2887 teme·

334 2969 345 2989 ¹
396 2967 504 3001 Inter
517 2965 638 3000 verba
648 2963 806 3010 grandi
820 2967 860 2997 et
873 2962 917 2997 di
930 2962 1215 3009 compassione,
1230 2961 1405 2998 additum
1425 2968 1486 2999 est
1504 2975 1621 3010 super
1638 2962 1781 2998 lineam
1799 2962 1904 2999 aliud

260 3027 439 3068 verbum,
458 3023 563 3072 quod
585 3034 664 3058 non
687 3022 790 3057 clare
816 3026 977 3072 apparet
1001 3032 1049 3056 an
1074 3020 1286 3066 legendum
1306 3022 1356 3058 sit
1380 3023 1543 3058 erbuori
1564 3034 1613 3058 an
1638 3025 1675 3057 et
1691 3022 1813 3058 buoni
1836 3024 1900 3059 vel

258 3085 364 3123 aliud
382 3084 522 3121 simile.
