2028 3484
257 288 331 326 310
835 290 973 329 EP1ST.
1002 290 1046 326 P.
1075 289 1334 337 NADAL—-78
1383 345 1386 350 .

257 392 394 438 Hassi
417 394 658 438 accordato
680 393 711 437 il
731 393 891 438 scritto
918 408 945 437 a
972 407 1056 436 sua
1084 395 1255 437 maesta
1284 395 1369 439 che
1396 393 1653 438 commandi
1681 409 1708 439 a
1735 410 1797 439 vn
1818 410 1903 441 suo

258 470 579 527 historiograto
601 471 824 515 catholico
846 472 932 515 che
954 469 1097 514 faccia
1118 485 1208 514 vna
1230 471 1516 528 cronografia
1537 471 1656 515 nella
1673 473 1779 527 qual
1796 473 1901 519 bre—

256 555 471 593 uemente
493 547 532 592 si
553 547 759 592 dimostri
780 549 822 593 la
850 547 1111 592 succession
1139 547 1261 592 dela
1293 547 1434 593 Giesa
1465 555 1612 603 santa,
1648 556 1694 593 et
1724 549 1755 592 li
1788 563 1898 594 con-

254 623 363 681 cilij‚
389 631 434 669 et
455 624 660 679 heretici,
687 632 732 670 et
753 625 945 679 heresie,
972 631 1017 669 et
1039 624 1346 682 speciamente
1367 626 1410 669 la
1432 625 1628 670 autorita
1650 632 1696 671 et
1712 640 1898 672 succes-

254 702 354 746 sion
375 703 494 747 della
514 701 655 754 Giesa
676 717 878 757 romana,
904 709 950 747 et
972 701 1234 746 succession
1262 702 1381 747 della
1410 702 1528 756 fede,
1554 709 1600 747 et
1626 702 1825 748 dottrina
1852 704 1899 748 di

115 788 117 790 ’
192 794 196 799 ·
253 780 404 835 quella
426 779 626 833 natione,
652 787 698 825 et
719 779 978 825 obedientia
1000 779 1087 823 alla
1109 780 1217 824 sede
1238 779 1503 836 apostolica;
1530 786 1575 824 et
1603 781 1899 827 breuemente

250 857 513 900 mostrando
537 863 656 901 tutto
678 858 829 914 quello
851 859 937 901 che
957 871 1092 914 possa
1113 856 1260 901 aiutar
1281 864 1443 900 contra
1464 856 1495 899 li
1511 857 1699 902 heretici
1717 857 1763 901 in
1779 858 1900 904 Ger-

249 933 415 986 mania,
441 940 487 978 et
508 934 768 988 confutarli,
793 941 839 979 et
862 934 1102 978 confirmat
1124 933 1138 975 i
1159 932 1353 978 catolici.
1381 935 1439 977 Et
1462 935 1509 978 M
1517 945 1555 978 .0
1581 934 1765 979 Canisio
1786 935 1901 979 siha

249 1012 359 1055 dato
381 1011 541 1057 ordine
562 1013 647 1057 che
670 1011 958 1056 transferisca
980 1010 1026 1054 in
1049 1010 1191 1054 latino
1211 1012 1255 1056 10
1275 1011 1436 1056 lettere
1458 1012 1563 1056 dell’
1588 1011 1715 1055 India
1741 1014 1828 1058 che
1855 1012 1899 1057 io

246 1088 396 1146 portai
417 1103 547 1134 meco
569 1089 616 1132 in
637 1088 899 1142 Germania,
925 1096 971 1133 et
993 1088 1031 1131 si
1052 1087 1278 1144 stampino
1306 1095 1352 1132 et
1380 1088 1643 1145 publichino
1670 1104 1751 1146 per
1777 1090 1897 1135 Ger—

247 1166 399 1211 mania
424 1167 454 1211 ¹.
479 1167 514 1210 Il
536 1168 622 1212 che
643 1166 681 1210 si
703 1181 780 1211 era
803 1166 878 1223 gia
900 1165 1188 1219 cominciato,
1220 1172 1266 1210 et
1287 1159 1423 1209 etiam
1447 1168 1494 1210 M
1501 1176 1539 1209 .0
1565 1166 1752 1211 Canisio
1777 1166 1816 1211 si
1837 1169 1897 1211 ha

248 1245 355 1308 dato
371 1243 532 1290 ordine
548 1246 633 1289 che
650 1243 793 1289 faccia
814 1259 876 1287 vn
898 1243 1168 1300 compendio
1189 1250 1353 1287 cauato
1375 1243 1698 1300 specialmente
1720 1244 1794 1290 del
1811 1244 1894 1290 Vi-

249 1321 404 1379 ghelio
425 1322 440 1343 ²
465 1328 511 1367 et
533 1322 577 1365 d’
603 1321 705 1366 altri
726 1336 856 1366 come
877 1321 909 1364 11
930 1322 1106 1378 parera‚
1132 1327 1178 1366 et
1200 1320 1238 1364 si
1269 1320 1495 1377 stampino
1523 1322 1575 1364 in
1602 1322 1785 1365 modum
1814 1336 1895 1366 en-

247 1399 419 1442 clziridi
440 1398 470 1442 li
492 1398 664 1444 decreti
686 1399 758 1443 del
782 1397 975 1443 concilio
997 1397 1260 1451 tridentino,
1286 1405 1332 1443 et
1353 1397 1384 1440 li
1406 1397 1620 1455 euangeli
1642 1405 1688 1443 et
1705 1397 1897 1456 epistole

245 1477 350 1522 dell’
382 1492 503 1521 anno
533 1491 590 1521 ex
618 1477 836 1535 euulgata
865 1476 1058 1519 editione
1086 1490 1174 1520 con
1201 1475 1353 1520 alcuni
1381 1475 1509 1532 scolij
1540 1482 1585 1520 et
1613 1476 1896 1520 annotationi

244 1554 375 1600 breui
397 1561 556 1599 contra
577 1554 608 1597 li
629 1554 841 1609 luterani,
867 1560 912 1598 et
933 1561 1058 1598 certe
1079 1555 1191 1598 hore
1212 1555 1298 1599 che
1320 1568 1413 1597 non
1429 1553 1468 1597 si
1486 1560 1678 1598 trouano
1695 1553 1772 1611 gia
1789 1569 1895 1599 nes—

244 1647 361 1677 sune
382 1646 469 1676 con
490 1632 521 1675 l'
546 1631 695 1675 officio
717 1632 835 1676 della
858 1621 1088 1675 Madonna
1109 1637 1155 1675 et
1178 1642 1204 1686 7
1227 1630 1387 1688 psalmi
1410 1637 1456 1676 et
1478 1630 1580 1674 altri
1602 1630 1737 1688 officij
1767 1638 1894 1675 cato—

245 1709 335 1763 lici,
372 1716 418 1755 et
449 1710 489 1752 13
529 1716 654 1753 carta
682 1708 950 1754 abecedaria
977 1723 1056 1765 per
1083 1708 1115 1751 11
1143 1708 1279 1765 putti,
1311 1716 1357 1753 et
1384 1723 1446 1752 vn
1474 1708 1744 1765 compendio
1775 1709 1893 1754 della

242 1787 444 1832 dottrina
481 1787 661 1844 xpiana,
692 1787 859 1843 perche
898 1792 1019 1830 tutto
1055 1792 1235 1842 questo,
1268 1786 1439 1840 Padre,
1471 1786 1609 1829 etiam
1647 1786 1716 1830 fra
1752 1785 1784 1829 li
1812 1800 1891 1831 ca—

167 1915 169 1918 ,
243 1863 382 1918 tolici,
408 1865 434 1909 e
456 1870 663 1908 corrutto
693 1865 725 1906 ⁵.

333 1952 375 1996 7.
441 1942 489 1985 Io
525 1955 660 1998 spero
697 1942 783 1985 che
820 1955 907 1984 con
944 1940 1093 1997 questi
1131 1940 1265 1997 pochi
1298 1940 1503 1998 principij
1543 1942 1712 1986 andera
1749 1941 1889 1985 molto

242 2018 414 2082 31131111,
440 2025 486 2063 et
508 2019 603 2062 fara
624 2033 741 2075 gran
763 2019 905 2062 frutto
928 2018 1079 2074 quella
1101 2025 1278 2075 stampa
1299 2017 1345 2061 di
1363 2018 1558 2074 Vienna,
1578 2019 1666 2062 alla
1681 2019 1787 2075 qual
1804 2009 1889 2063 im-

243 2110 376 2153 presa
398 2096 424 2140 e
445 2095 778 2141 affettatissimo
800 2094 831 2138 il
853 2094 1138 2148 cancellario,
1164 2101 1210 2140 et
1231 2095 1293 2138 mi
1314 2097 1373 2139 ha
1389 2102 1709 2141 strettamente
1733 2109 1890 2140 racco—

243 2175 458 2218 mandato
480 2175 566 2218 che
587 2173 631 2217 io
652 2173 696 2216 10
718 2179 854 2217 tratte
876 2187 962 2216 con
984 2173 1027 2216 la
1050 2173 1103 2216 P.
1132 2174 1189 2217 V.
1217 2172 1342 2216 accio
1365 2174 1451 2217 che
1472 2173 1503 2216 li
1525 2173 1669 2217 nostri
1696 2172 1884 2217 aiutino.

332 2251 372 2294 8.
440 2253 576 2296 Mtro.
617 2250 844 2294 Gaudano
879 2250 921 2293 al
950 2256 1103 2306 tempo
1131 2251 1217 2294 che
1245 2249 1289 2293 io
1317 2264 1368 2293 so
1395 2256 1513 2294 stato
1541 2250 1587 2293 in
1620 2250 1799 2296 Vienna
1829 2251 1888 2294 ha

310 2402 320 2422 ¹
372 2399 475 2436 Vide
493 2398 608 2446 infra,
627 2398 760 2446 epist.,
781 2406 801 2443 5
822 2399 1055 2435 Decembris
1077 2399 1168 2444 1562
1185 2398 1411 2446 Oeniponte
1435 2399 1580 2435 datam.

307 2462 321 2482 ²
372 2459 447 2494 Pro
475 2459 656 2507 Vighelio
674 2458 862 2505 scriptum
881 2458 954 2495 fuit
982 2459 1174 2506 Vigherio
1192 2470 1214 2494 a
1232 2458 1389 2495 librario
1413 2459 1617 2506 POLANCI,
1644 2459 1809 2502 chron„
1833 2459 1883 2504 V,

236 2528 319 2565 271;
339 2519 443 2555 unde
461 2523 668 2554 annotator
688 2517 879 2554 chronici
892 2518 1135 2554 existimavit
1152 2530 1374 2554 sermonem
1388 2530 1477 2554 esse
1490 2518 1540 2554 de
1555 2519 1707 2565 Joanne
1721 2518 1885 2565 Viguier

236 2578 286 2617 O.
307 2579 368 2625 Ρ.,
388 2578 455 2626 qui
473 2578 547 2614 fuit
564 2578 767 2625 hispanuS,
787 2582 826 2613 et
844 2589 866 2612 a
884 2578 1073 2613 NICOLAS
1093 2578 1292 2614 ANTONIO
1319 2579 1493 2624 Joannes
1519 2578 1693 2624 Viguera
1716 2579 1885 2626 appella—

237 2644 300 2675 tur
318 2637 359 2674 in
377 2638 626 2673 Bibliotheca
642 2637 816 2684 hispana
832 2649 952 2672 nova.
972 2636 1051 2672 Sed
1069 2637 1113 2673 P.
1134 2637 1259 2673 Nadal
1278 2649 1397 2683 agere
1420 2637 1577 2673 videtur
1601 2637 1665 2673 hic
1688 2637 1737 2674 de
1762 2637 1884 2674 Geor-

234 2698 301 2744 gio
319 2697 472 2733 Vicelio
490 2697 673 2758 (Witzel3
688 2696 774 2732 sive
793 2696 938 2742 Wizel)
957 2696 1126 2743 seniore,
1154 2696 1203 2732 de
1227 2708 1305 2744 quo
1323 2697 1480 2744 saepius
1505 2709 1634 2733 sermo
1657 2697 1826 2733 occurrit
1845 2697 1886 2733 in

234 2756 413 2804 epistolis
432 2758 476 2792 B.
498 2756 606 2792 Petri
624 2755 788 2802 Canisii,
807 2756 873 2802 qui
892 2756 1011 2791 etiam
1036 2756 1147 2792 libris
1166 2756 1309 2792 Vicelii
1328 2768 1422 2792 usus
1447 2761 1508 2792 est
1531 2756 1571 2792 in
1595 2756 1678 2792 suis
1702 2756 1887 2804 operibus

234 2822 371 2853 contra
388 2816 609 2852 haereticos
628 2820 668 2851 et
686 2827 754 2862 pro
772 2815 849 2850 fide
867 2815 1059 2851 catholica
1078 2815 1223 2851 tuenda
1247 2816 1556 2851 conscribendis.
1584 2816 1781 2863 Georgius
1805 2815 1888 2852 Wi-

232 2877 309 2923 zel,
329 2888 350 2912 e
368 2876 508 2912 castris
527 2874 691 2912 Lutheri
709 2879 750 2910 et
768 2875 1055 2911 Melanchtonis
1081 2875 1130 2910 ad
1154 2876 1385 2911 catholicam
1403 2875 1521 2911 fidem
1545 2887 1774 2920 conversus,
1801 2887 1886 2911 eam

231 2942 391 2972 centum
408 2935 566 2971 circiter
583 2934 694 2971 libris
713 2935 941 2981 explanavit
959 2947 1004 2970 30
1021 2934 1235 2971 defendere
1252 2941 1416 2971 conatus
1435 2941 1510 2982 est,
1526 2935 1619 2971 licet
1632 2935 1752 2971 nimia
1766 2934 1883 2971 inter-

230 2996 322 3031 durn
341 3006 435 3041 erga
454 3000 718 3042 protestantes
737 2993 982 3040 indulgentia
1001 3006 1095 3030 usus
1113 2994 1245 3031 fuerit.
1267 2995 1367 3031 Vide
1382 2996 1743 3041 BRAUNSBERGER,
1761 2993 1882 3031 Cani-

231 3056 284 3091 sii
302 3055 449 3102 Epist„
470 3055 503 3101 Ι,
523 3054 606 3100 588;
627 3058 669 3089 et
686 3054 738 3100 ΙΙ,
758 3062 817 3099 54,
838 3062 898 3100 55,
918 3062 1001 3099 790,
1021 3062 1105 3100 791,
1124 3054 1207 3100 918.

301 3114 316 3136 ³
366 3114 426 3150 De
444 3113 504 3150 his
522 3112 718 3162 opusculis
737 3112 828 3149 vide
847 3113 1119 3151 annotationes
1141 3112 1333 3151 Chronici
1349 3114 1393 3150 P.
1414 3114 1631 3160 POLANCO‚
1652 3114 1725 3150 100.
1745 3113 1811 3151 cit.
