2020 3464
260 304 331 346 740
823 295 962 335 Emsr.
991 296 1035 332 P.
1062 290 1212 333 NADAL
1222 302 1339 332 —202

260 400 488 445 Aimondo
505 406 525 428 ³
570 401 599 453 ¹,
633 406 780 444 rector
813 401 887 444 del
924 399 1118 457 collegio
1146 400 1203 445 de
1232 402 1418 443 Tornon
1443 398 1481 454 ¹²,
1512 410 1602 456 que
1638 393 1776 443 hauia
1810 392 1902 452 ido,

258 493 389 522 como
411 478 526 522 solia
547 484 669 521 otras
697 491 832 521 ueses
853 477 907 531 ir,
937 478 1211 521 llamandole
1238 478 1281 520 el
1311 477 1617 534 gouernador,
1641 480 1668 521 a
1698 475 1906 533 predicar

258 570 317 599 en
339 556 517 613 aquella
538 554 719 609 ciudad3
743 554 976 599 embiaron
1003 559 1030 598 a
1051 554 1165 598 dizir
1187 555 1229 598 al
1257 556 1425 598 senhor
1446 555 1503 598 de
1526 556 1714 598 Tornon
1745 560 1779 607 ⁰,
1814 568 1903 610 que

257 648 307 678 es
327 632 514 677 sobrino
537 632 658 676 dela
685 633 837 677 buena
863 632 1080 677 memoria
1107 633 1181 675 del
1208 632 1422 676 cardenal
1449 633 1507 675 de
1534 633 1722 676 Tornon
1742 630 1779 686 d,
1813 644 1904 687 que

256 712 322 755 les
344 718 583 768 otorgasse
600 717 693 754 tres
709 725 839 755 cosas
854 711 1011 768 lue-go,
1031 710 1070 754 si
1086 725 1146 754 no
1164 713 1377 766 querrian
1394 725 1483 766 que
1500 709 1742 754 ueniessen
1759 723 1902 752 manu

257 791 442 831 armata
461 783 489 831 a
511 788 593 831 dar
614 788 747 831 sobre
762 795 780 816 θ
796 789 839 832 la
861 787 1012 832 tierra.
1049 789 1116 832 Lo
1138 786 1268 844 prim.
1282 798 1322 841 0,
1355 802 1446 844 que
1467 803 1525 832 en
1554 787 1642 831 ella
1668 801 1728 831 no
1750 800 1801 830 se
1832 785 1903 829 di-

257 880 382 911 sesse
404 865 556 909 missa:
582 866 627 909 lo
650 868 729 919 2.⁰,
755 880 844 921 que
865 866 934 909 los
955 872 1168 909 nuestros
1190 866 1375 911 fuessen
1397 866 1595 910 echados
1616 865 1690 908 del
1706 862 1904 921 collegio

328 1047 348 1068 a
375 1040 456 1075 Alt.
473 1050 551 1086 ap.,
568 1038 830 1074 Aimond.—b
858 1038 1035 1084 Alt.ap.,
1056 1038 1307 1073 Turndn.-c
1338 1037 1515 1084 Alt.ap.,
1536 1036 1789 1073 Τιινφιόη.-«ῑι
1819 1036 1901 1073 Alt.

255 1112 334 1147 ap.,
356 1100 608 1135 Turndn.—e
638 1098 720 1133 Alt.
740 1109 818 1144 ap.,
837 1108 915 1133 non
931 1098 1050 1133 habet
1067 1097 1192 1139 sobre,
1212 1097 1283 1132 sed
1300 1109 1377 1133 em.

327 1223 338 1242 ¹
388 1220 448 1256 En
473 1229 640 1254 examen
664 1218 780 1265 hujus
805 1217 957 1264 egregii
976 1217 1069 1253 viri:
1091 1218 1407 1266 «Responsiones
1425 1218 1475 1254 ad
1487 1229 1716 1254 communes
1737 1218 1902 1254 interro-

251 1279 446 1327 gationes.
469 1287 502 1314 1.
522 1277 725 1314 Emundus
744 1277 956 1324 Augerius.
978 1287 1013 1313 2.
1035 1278 1172 1314 Annos
1192 1283 1307 1314 natus
1325 1290 1412 1314 sum
1430 1287 1477 1324 29
1495 1283 1535 1314 et
1551 1278 1732 1325 amplius.
1748 1277 1784 1313 3.
1805 1277 1901 1313 Sum

251 1340 395 1387 gallus,
415 1337 641 1386 provinciae
660 1337 914 1384 Campaniae,
934 1337 1185 1385 episcopatus
1204 1338 1410 1374 trecensis.
1429 1348 1465 1384 4.
1486 1338 1644 1374 Patrem
1668 1334 1800 1386 amisi,
1822 1350 1902 1374 ma-

252 1405 353 1436 trem
372 1404 466 1446 puto
486 1409 574 1434 esse
593 1396 862 1445 superstitem.
883 1406 919 1442 5.
940 1399 1112 1434 Fortuna
1129 1404 1241 1434 erant
1259 1398 1317 1434 illi
1335 1397 1431 1434 satis
1449 1399 1592 1445 ampla,
1611 1410 1700 1434 cum
1715 1410 1901 1445 egressus

252 1472 339 1496 sum
357 1459 493 1495 domo:
514 1458 582 1494 vix
600 1458 683 1493 scio
700 1456 795 1505 quid
814 1457 890 1493 illis
909 1463 1048 1504 postea
1070 1458 1298 1505 contigerit,
1323 1458 1554 1505 praesertim
1577 1458 1706 1504 matri,
1730 1470 1830 1506 quae
1853 1458 1902 1494 ad

251 1518 445 1555 secundas
463 1517 620 1565 nuptias
639 1517 735 1553 satis
754 1516 946 1553 infaustas
964 1517 1135 1565 transiit,
1163 1523 1206 1554 ut
1232 1517 1362 1554 audio.
1389 1517 1426 1553 6.
1451 1519 1608 1554 Fratres
1633 1519 1760 1554 habeo
1786 1518 1899 1564 duos;

250 1581 416 1615 alterum
434 1578 531 1614 satis
548 1577 714 1613 divitem
732 1583 772 1613 et
791 1578 1036 1625 opulentum,
1051 1579 1218 1614 alterum
1234 1589 1309 1625 ego
1322 1577 1372 1614 de
1387 1577 1588 1614 Societate
1603 1590 1691 1614 esse
1705 1583 1815 1626 puto.
1832 1578 1901 1615 So-

251 1651 380 1675 rorem
398 1639 560 1684 nullam,
578 1636 682 1685 quod
701 1636 797 1683 scio,
817 1638 959 1673 habeo.
978 1646 1014 1683 7.
1034 1639 1187 1674 Dabam
1206 1637 1333 1674 literis
1351 1649 1510 1686 operam
1534 1639 1584 1674 ab
1608 1637 1771 1674 ineunte
1795 1644 1901 1675 aeta-

251 1705 304 1745 te3
326 1704 458 1734 tamen
475 1702 559 1733 tum
577 1697 765 1744 temporis
784 1698 970 1733 versabar
987 1697 1027 1734 in
1045 1698 1152 1734 curia
1176 1710 1348 1734 romana.
1369 1698 1404 1734 8.
1425 1698 1532 1734 Nihil
1550 1703 1612 1734 est
1629 1698 1733 1746 quod
1755 1710 1778 1734 a
1796 1698 1899 1746 judi-

250 1759 306 1795 tio
317 1770 412 1794 'meo
431 1757 603 1804 exigam,
621 1769 711 1793 cum
741 1757 838 1793 illud
868 1757 1018 1804 pridem
1049 1758 1297 1806 deposuerim
1324 1758 1400 1794 Dei
1423 1757 1564 1805 gratia.
1591 1769 1627 1805 9.
1656 1758 1898 1795 Firmissima

249 1818 477 1855 valetudine
493 1828 590 1865 puer
604 1828 698 1852 usus
713 1828 813 1852 sum.
834 1825 888 1852 10.
906 1817 1007 1852 Vota
1020 1829 1277 1864 conceperam
1291 1817 1340 1853 ad
1353 1817 1467 1853 divos
1481 1817 1642 1865 aliquot3
1658 1817 1730 1853 sed
1741 1818 1833 1866 quia
1840 1818 1898 1854 in-

248 1890 388 1925 gressu
406 1877 562 1914 sublata
580 1881 671 1912 sunt
689 1888 711 1911 a
727 1876 925 1923 Patribus,
945 1877 1080 1913 nescio
1097 1877 1192 1925 quid
1209 1876 1361 1924 negotii
1378 1876 1476 1914 illud
1493 1883 1614 1914 esset.
1637 1886 1693 1913 11.
1716 1886 1773 1914 12.
1789 1879 1896 1914 Duo-

247 1938 425 1974 decimus
449 1948 573 1972 annus
598 1941 675 1983 est,
700 1947 750 1971 ex
779 1948 857 1983 quo
888 1936 927 1971 in
958 1936 1198 1973 Societatem
1229 1949 1316 1973 sum
1345 1941 1529 1985 receptus
1552 1938 1714 1982 Romae,
1733 1938 1895 1974 vivente

247 1999 363 2034 Patre
398 1996 567 2043 Ignatio,
602 1995 848 2032 examinatus
883 2008 905 2031 a
939 1997 1055 2032 Patre
1089 1997 1289 2033 Bernardo
1314 1996 1493 2035 Oliverio
1517 1999 1644 2033 bonae
1668 1997 1892 2034 memoriae.

250 2056 306 2094 13.
326 2059 387 2093 De
405 2058 597 2092 bonorum
614 2055 892 2092 distributione
910 2068 1122 2105 numquam
1140 2057 1207 2093 vix
1225 2057 1411 2103 cogitavi,
1427 2069 1552 2105 eaque
1567 2069 1708 2104 magna
1721 2069 1770 2094 ex
1784 2063 1894 2105 parte

245 2117 435 2164 dissipata
453 2127 541 2152 esse
559 2115 693 2151 audivi
711 2116 885 2163 parentis
904 2117 981 2152 mei
1000 2122 1124 2152 morte
1143 2122 1234 2153 ante
1257 2116 1396 2153 decem
1420 2128 1563 2153 annos:
1589 2117 1684 2153 nihil
1709 2117 1766 2154 fui
1790 2118 1895 2155 solli-

245 2178 367 2213 citus:
388 2181 483 2223 puto
502 2175 616 2211 matri
634 2186 723 2211 esse
743 2175 844 2220 usui,
865 2175 898 2211 si
916 2176 1010 2223 quid
1028 2182 1103 2212 est.
1126 2185 1183 2222 14.
1204 2176 1434 2213 Sacerdotio
1447 2175 1591 2224 fungor
1600 2176 1681 2224 jam
1695 2189 1717 2213 a
1730 2187 1753 2223 4
1766 2178 1892 2214 annis.

249 2244 305 2282 15.
324 2236 398 2272 Fui
416 2236 579 2280 Romae,
599 2235 802 2282 Perusiae,
822 2235 1042 2282 Amoeliae,
1062 2236 1259 2283 Venetiis,
1278 2236 1447 2283 Patavii,
1468 2235 1676 2283 Assainiis,
1695 2237 1892 2274 Tornone.

248 2296 304 2331 16.
325 2295 583 2331 Probationes
600 2294 664 2330 hic
683 2294 900 2330 transcribo
918 2307 1015 2343 quas
1034 2295 1130 2331 feei:
1151 2305 1185 2331 1.
1211 2295 1410 2332 Exercitia
1437 2295 1655 2343 spiritualia
1672 2296 1763 2332 feci.
1790 2307 1827 2332 2.
1847 2298 1892 2333 In

244 2355 429 2403 hospitali
459 2354 517 2391 fui
547 2354 724 2402 saepius,
750 2354 820 2390 sed
851 2367 929 2390 non
952 2361 1229 2392 commoratus.
1259 2366 1293 2402 3.
1325 2355 1604 2402 Peregrinatus
1633 2368 1713 2392 non
1739 2368 1826 2392 sum
1850 2356 1890 2392 in

245 2420 489 2463 paupertate.
517 2424 557 2459 4.
591 2414 774 2450 Servitiis
805 2415 1033 2451 domesticis
1065 2415 1247 2451 omnibus
1271 2415 1354 2451 fere
1385 2421 1598 2463 occupatus
1623 2427 1723 2452 sum.
1750 2425 1786 2461 5.
1811 2417 1890 2453 Do-

244 2476 307 2511 cui
324 2474 543 2510 doctrinam
568 2473 819 2510 christianam
843 2474 959 2510 rudes
984 2481 1024 2511 et
1047 2475 1158 2511 alios.
1186 2475 1223 2511 6.
1250 2475 1531 2522 Concionibus‚
1556 2475 1888 2522 confessionibus,

244 2533 483 2570 lectionibus
502 2532 654 2569 vacavi.
679 2541 734 2578 17.
755 2534 945 2570 Versatus
964 2547 1050 2570 sum
1070 2535 1110 2570 in
1128 2535 1247 2570 rebus
1269 2534 1497 2570 domesticis
1523 2540 1563 2571 et
1588 2535 1801 2571 tractandis
1824 2547 1890 2571 va-

243 2595 311 2631 riis
330 2595 503 2641 negotiis
522 2600 601 2630 tam
619 2594 659 2629 in
677 2594 790 2630 Italia
807 2607 924 2642 quam
942 2595 982 2630 in
1001 2595 1142 2631 Gallia.
1166 2595 1222 2642 18.
1242 2595 1365 2631 Emisi
1384 2601 1475 2631 vota
1500 2595 1710 2632 Societatis
1728 2602 1819 2632 ante
1845 2604 1885 2632 11

243 2667 381 2691 annos.
405 2663 461 2700 19.
482 2655 543 2689 De
562 2653 677 2690 bonis
695 2653 789 2700 quid
806 2654 1010 2690 habuerim
1035 2659 1075 2690 et
1099 2653 1262 2690 fecerim
1287 2666 1404 2701 supra
1427 2654 1524 2701 dixi,
1548 2655 1780 2702 quaestione
1808 2654 1889 2690 133

242 2722 301 2749 20.
323 2712 562 2749 Valetudine
581 2724 675 2748 usus
700 2724 786 2748 sum
811 2712 964 2748 infirma
990 2719 1030 2749 et
1054 2713 1191 2759 debili,
1217 2713 1288 2749 sed
1310 2725 1411 2760 quae
1434 2713 1540 2749 cedit
1565 2719 1696 2750 tamen
1720 2714 1889 2760 negotiis

242 2773 354 2819 meis,
374 2774 460 2808 Deo
478 2774 576 2808 laus.
597 2781 656 2808 21.
674 2772 761 2807 Non
776 2772 886 2808 licuit
905 2773 1000 2809 mihi
1013 2785 1082 2820 per
1101 2773 1322 2809 absentiam
1339 2774 1499 2809 Patrum
1514 2779 1554 2810 et
1567 2773 1746 2820 fratrum,
1762 2786 1889 2810 meam

238 2844 394 2880 quoque
412 2844 434 2867 a
452 2831 646 2878 collegiis,
665 2832 879 2868 examinari
897 2832 1024 2880 spatio
1038 2832 1129 2879 isto,
1145 2844 1273 2880 neque
1287 2827 1479 2868 rationem
1496 2833 1762 2869 conscientiae
1778 2846 1888 2870 meae

238 2891 346 2938 dare,
365 2891 439 2926 nisi
460 2902 506 2926 eo
526 2891 654 2936 modo,
673 2902 750 2938 quo
768 2890 845 2926 feci
862 2892 903 2928 in
920 2891 1237 2928 confessionibus
1255 2903 1344 2927 cum
1363 2891 1644 2939 superioribus.
1671 2901 1730 2928 22.
1751 2893 1795 2929 In
1816 2893 1886 2929 So-

237 2952 382 2987 cietate
401 2956 534 2986 nostra
552 2950 688 2985 vivere
707 2957 910 2997 perpetuo,
931 2951 1029 2987 mori
1048 2957 1088 2987 et
1106 2951 1200 2987 mihi
1218 2957 1259 2987 et
1283 2951 1323 2986 in
1348 2956 1511 2998 utroque
1535 2952 1691 2988 homine
1716 2964 1785 2999 per
1809 2951 1884 2988 Dei

234 3011 414 3057 gratiam.
432 3009 489 3045 23.
508 3012 651 3057 jubeat
666 3010 768 3057 quod
785 3012 879 3047 velit
894 3011 1086 3058 Societas,
1102 3011 1242 3047 faciam
1258 3010 1368 3056 illud;
1387 3011 1493 3058 quia,
1512 3011 1616 3059 quod
1630 3011 1802 3057 iusserit,
1817 3012 1884 3048 da-

236 3070 294 3105 bit
310 3075 353 3105 ut
370 3069 510 3105 faciam
530 3070 652 3105 Deus.
674 3078 732 3114 24.
753 3069 986 3106 Indifferens
1005 3082 1090 3106 sum
1109 3070 1282 3118 quidem,
1302 3069 1372 3105 sed
1390 3070 1484 3106 nihil
1501 3070 1688 3106 libentius
1702 3070 1877 3117 fecerim,

234 3141 349 3176 quam
379 3129 483 3177 quod
515 3129 628 3164 modo
658 3128 773 3175 facio,
804 3135 921 3177 atque
952 3131 1006 3166 ita
1036 3130 1085 3166 de
1115 3130 1259 3166 ceteris
1284 3130 1610 3166 existim0.—-Pro
1634 3131 1877 3168 scholaribus
