2066 3490
888 301 1092 347 1545-1546
1769 311 1813 349 ¹9

257 414 329 460 53.
395 404 567 448 Eodem
590 403 666 448 die
685 402 811 458 voui,
837 402 876 446 si
896 417 990 446 non
1012 402 1234 459 reciperet
1255 402 1483 455 Societas,
1516 404 1638 459 quod
1666 418 1812 448 essem

164 487 319 525 tamen
341 480 426 524 tria
447 488 554 524 vota
576 479 809 537 religionis
833 480 1052 524 facturus.

258 569 328 614 54.
395 556 513 617 [Die]
538 571 562 613 3
585 557 869 611 Decembris,
895 557 1049 601 addidi
1071 563 1245 611 votum,
1271 558 1395 613 quod
1423 558 1590 602 nollem
1620 558 1731 601 mihi
1758 559 1815 602 li-

166 636 390 680 bertatem
407 635 514 678 alibi
531 634 733 680 uouendi
749 648 1000 688 remanere,
1019 633 1107 678 nisi
1124 634 1306 690 quando
1327 635 1453 678 nulla
1473 634 1664 690 ratione,
1689 636 1816 680 nullo

164 713 318 766 modo,
343 713 401 757 ad
422 713 598 756 nullum
619 711 937 765 ministerium,
961 711 1098 755 etiam
1119 710 1342 764 infimum,
1368 726 1442 756 me
1457 712 1595 756 vellet
1616 712 1816 770 recipere

165 790 389 836 Societas.

257 878 327 924 55.
393 865 510 927 [Die]
534 879 590 922 27
608 866 899 920 Nouembris,
919 865 1206 910 examinatus
1224 882 1250 910 a
1268 869 1321 910 P.
1344 866 1626 924 Hieronymo
1642 869 1815 912 Dome—

164 960 296 999 neco,
322 960 464 1002 quum
503 945 690 989 fuissem
727 944 775 988 in
812 943 1040 988 exercitiis
1068 956 1124 987 22
1147 944 1261 997 dies,
1293 944 1454 988 eadem
1481 946 1593 989 hora
1628 945 1816 1003 promisi

163 1022 314 1067 eidem
338 1022 463 1067 Patri
484 1024 750 1067 Domeneco
771 1036 846 1065 me
867 1021 1193 1078 dispositurum
1217 1028 1309 1065 tam
1331 1022 1389 1066 de
1404 1022 1658 1078 beneficiis,
1678 1037 1814 1079 quam

161 1101 223 1144 de
243 1099 376 1144 bonis
397 1089 496 1144 aliis
525 1098 934 1157 patrimonialibus,
966 1100 1149 1156 quando
1178 1098 1316 1143 suerit
1343 1113 1370 1142 a
1396 1100 1654 1156 praeposito
1682 1115 1815 1157 prae-

165 1185 367 1235 ceptum.

260 1255 331 1310 56.
396 1253 513 1314 [Die]
536 1267 608 1312 29,
635 1254 700 1298 fui
722 1254 907 1298 domum
930 1254 988 1297 ad
1015 1254 1291 1299 Societatem
1314 1262 1541 1312 receptus.

259 1342 331 1387 57.
397 1332 570 1376 Eodem
593 1332 682 1384 die,
708 1331 822 1375 dixit
843 1331 954 1374 mihi
980 1334 1032 1375 P.
1059 1331 1266 1389 Ignatius
1288 1339 1339 1375 vt
1360 1340 1463 1389 post
1492 1345 1517 1376 2
1540 1333 1638 1377 dies
1667 1348 1813 1378 essem

169 1409 367 1452 famulus
403 1409 523 1461 coci,
564 1416 610 1453 et
638 1409 845 1453 iuuarem
873 1408 1009 1452 etiam
1037 1409 1352 1462 hortulanum,
1383 1410 1587 1466 quotidie
1612 1412 1813 1468 legerem

166 1500 311 1530 vnum
334 1486 584 1543 capitulum
607 1501 664 1530 ex
685 1487 910 1539 Gersone,
934 1485 983 1529 in
1005 1500 1097 1542 quo
1118 1486 1378 1530 meditarer:
1404 1485 1636 1548 legere[m]
1662 1495 1814 1533 tamen

165 1563 254 1608 alia
275 1563 489 1621 capitula,
516 1570 565 1606 vt
593 1563 842 1608 necessitas
875 1564 886 1585 ¹
916 1563 992 1607 vel
1014 1562 1253 1607 infirmitas
1281 1565 1551 1620 postularet.
1587 1566 1816 1610 Laudauit

165 1648 319 1685 autem
341 1640 530 1685 mirifice
551 1640 677 1684 illum
698 1640 916 1684 libellum:
937 1640 1111 1684 addidit
1133 1641 1355 1695 futurum,
1376 1641 1451 1684 vbi
1474 1641 1610 1686 etiam
1627 1643 1815 1687 fortuito

163 1718 330 1762 librum
347 1718 584 1775 aperirem,
611 1724 897 1775 reperturum
914 1732 1002 1771 me,
1024 1718 1149 1774 quod
1166 1725 1288 1762 esset
1303 1719 1531 1775 praesenti
1553 1720 1814 1764 necessitati

167 1796 472 1850 conueniens;
498 1795 544 1838 id
565 1810 616 1839 se
638 1810 739 1839 esse
760 1795 808 1838 in
828 1810 878 1839 se
898 1801 1153 1852 expertum.

260 1874 331 1928 58.
396 1874 591 1916 Duobus
612 1872 774 1916 diebus
796 1878 843 1916 et
864 1873 922 1916 ad
942 1886 1146 1915 mensam
1169 1874 1223 1916 Ρ.
1249 1872 1415 1930 Ignatii
1444 1873 1510 1917 fui
1531 1881 1744 1929 vocatus,
1769 1882 1815 1920 et

166 1949 217 1994 in
238 1950 479 1994 refectorio
501 1965 606 1994 cum
630 1953 767 1994 Patre
788 1949 901 1994 sedi.

261 2037 332 2085 59.
398 2027 680 2071 Confirmaui
701 2034 824 2080 vota,
850 2042 967 2083 quae
995 2028 1220 2071 hactenus
1247 2042 1479 2072 voueram.

263 2106 335 2149 60.
401 2103 517 2165 [Die]
545 2118 596 2163 19
617 2105 906 2159 Decembris,
920 2104 1028 2148 voui
1045 2105 1157 2148 illud
1173 2112 1423 2161 praeterea:
1443 2105 1482 2149 si
1498 2107 1624 2150 nulla
1639 2107 1816 2151 ratione

170 2184 229 2227 ad
244 2184 420 2226 nullum
438 2183 753 2236 ministerium,
773 2182 910 2227 etiam
926 2182 1180 2236 minimum,
1197 2197 1271 2226 me
1286 2184 1425 2227 vellet
1441 2183 1643 2241 recipere
1657 2185 1816 2230 Socie-

170 2268 257 2314 tas,
283 2275 375 2305 non
398 2262 623 2304 facturum
647 2275 719 2305 me
740 2267 848 2304 vota
870 2260 971 2316 tria,
994 2260 1081 2304 nisi
1102 2261 1180 2304 vbi
1202 2262 1463 2305 consuleret
1485 2262 1705 2307 Societas

260 2340 333 2382 61.
399 2340 450 2382 In
471 2338 545 2382 die
567 2340 616 2384 S.
643 2338 878 2395 Stephani,
903 2338 1018 2382 dixit
1038 2338 1148 2382 mihi
1171 2339 1392 2392 minister,
1427 2342 1480 2383 P.
1514 2340 1816 2398 Christopho-

169 2430 250 2460 rus
271 2417 511 2472 Mendoca,
544 2424 592 2460 vt
620 2431 647 2460 a
675 2415 827 2460 culina
853 2416 1058 2460 venirem
1090 2417 1147 2460 ad
1176 2416 1518 2461 inseruiendum
1556 2417 1811 2462 refectorio.

173 2492 258 2537 Fui
279 2493 326 2536 in
348 2493 546 2537 seruitiis
568 2493 748 2537 'culinae
771 2493 962 2538 26dies.

261 2571 334 2614 62.
400 2570 652 2615 Continens
674 2570 941 2625 consolatio,
972 2570 1149 2615 etiamsi
1177 2571 1357 2615 infirma
1384 2586 1507 2616 eram
1536 2572 1813 2616 valetudine.

173 2647 469 2691 Confirmatio
490 2647 537 2690 in
558 2647 656 2691 dies
682 2647 825 2691 maior
850 2647 1118 2692 vocationis.
1152 2648 1405 2705 Praecipua
1431 2663 1542 2693 vero
1569 2648 1819 2693 consolatio

171 2722 220 2767 in
245 2723 379 2767 votis.

262 2801 334 2856 63.
400 2801 621 2845 Iudicium
644 2801 692 2844 in
709 2802 959 2846 Postellum
977 2802 1010 2855 ²,
1031 2816 1059 2845 a
1074 2816 1165 2857 quo
1182 2801 1247 2845 fui
1264 2802 1484 2846 liberatus
1501 2818 1527 2846 a
1546 2805 1599 2846 P.
1620 2801 1818 2859 Ignatio,

171 2891 315 2933 quum
337 2877 437 2921 eius
459 2885 561 2922 acta
582 2878 693 2921 mihi
714 2885 959 2923 narrasset.

246 3003 258 3024 ¹
308 3002 398 3047 Ms.,
415 3003 728 3039 necessitatibus.

244 3063 259 3083 ²
309 3062 370 3097 De
385 3061 588 3098 Guilielmi
607 3062 769 3099 Postelli
783 3062 933 3110 judicio
947 3069 987 3099 et
999 3063 1244 3109 dimissione,
1260 3063 1351 3100 vide
1366 3065 1585 3108 POLANCO,
1604 3062 1770 3106 Chron„
1785 3063 1816 3107 Ι,

173 3119 235 3165 87;
254 3119 323 3156 ubi
340 3120 502 3158 adverte
526 3133 604 3158 non
629 3122 788 3158 omnino
811 3123 1069 3168 concordare,
1095 3135 1196 3170 quae
1220 3123 1260 3159 in
1284 3123 1538 3159 annotatione
1562 3123 1818 3166 affirmantur,
