2046 3510
224 271 282 302 Lx
856 260 1039 299 NOTITIA
1065 268 1257 300 comctm

222 368 358 411 sobre
377 367 488 411 ellas
516 365 524 426 Ι
551 368 667 411 haas
675 371 953 422 annotacoes
968 379 1052 422 por
1066 365 1203 409 modo
1217 365 1275 409 de
1286 355 1494 422 grosa'en
1508 366 1677 408 Portu-
1704 360 1710 422 Ι
1738 367 1871 421 gues,

222 460 396 503 porque
425 460 474 489 as
504 446 574 489 fez
603 460 631 489 o
662 459 835 489 mesmo
865 444 1013 488 Padre
1041 442 1152 487 Luis
1178 442 1185 502 Ι
1212 443 1500 501 guoncaluez
1529 456 1582 486 ca
1608 456 1684 486 em
1707 443 1875 486 Portu-

221 523 313 580 gal.
326 525 527 580 »—Pag.
560 535 576 566 1
598 522 719 580 sign.
745 522 972 578 «Prologo
989 521 1050 564 do
1069 521 1216 564 Padre
1235 520 1345 565 Luis
1362 520 1874 578 guoncaluez.—-Como

221 615 272 645 as
294 601 777 658 religioes...›>—Pag.
806 601 848 654 8,
875 614 1027 657 supra:
1052 598 1314 643 «Memorial
1329 599 1386 642 de
1403 599 1447 643 lo
1465 613 1555 655 que
1571 613 1670 642 nro.
1691 600 1775 642 P.e
1801 612 1875 642 me

222 679 448 736 responde
470 693 632 723 acerca
652 678 710 722 de
730 679 798 722 las
820 692 950 722 cosas
971 677 1030 721 de
1051 691 1171 731 casa,
1197 676 1476 733 comencado
1498 679 1524 719 a
1542 676 1599 720 26
1614 676 1672 720 de
1689 677 1876 721 Henero

223 757 298 801 del
320 763 409 800 afio
431 758 490 801 de
517 767 567 812 15
574 767 597 812 5
604 767 715 812 5...»
742 755 921 813 Incipit:
951 756 1047 799 «En
1069 754 1143 798 dia
1159 739 1634 798 senalado.—Cha'm0
1649 753 1725 798 dia
1740 761 1875 799 seria-⁴

220 835 326 878 lado
347 849 398 878 os
420 834 519 878 dias
547 849 619 878 em
647 848 737 890 que
765 833 875 877 ouui
904 833 1044 887 dizer,
1075 847 1136 876 ou
1164 831 1210 875 vi
1240 833 1362 875 fazer
1390 846 1417 875 a
1444 845 1557 874 noso
1585 842 1659 888 με
1684 826 1734 875 as
1762 846 1876 875 cou-

220 927 380 956 sas...»
406 912 586 957 Finitur
607 911 883 965 memoriale,
909 925 1016 968 pag.
1049 923 1148 969 192,
1172 910 1259 953 sub
1286 911 1375 952 hoc
1403 908 1551 953 titulo:
1587 910 1669 953 «18
1701 909 1871 954 Octob.

225 989 427 1051 [1555]
461 995 551 1034 na&
580 991 702 1035 fosse
727 991 823 1034 nhu
861 1003 917 1033 ao
944 987 1138 1045 collegio
1167 1002 1263 1031 sem
1292 1001 1402 1031 auer
1429 986 1656 1044 primeyro
1684 986 1794 1031 feito
1823 1001 1876 1032 os

225 1074 370 1112 uotos.
393 1069 431 1111 E
454 1068 746 1112 entendendo
767 1066 856 1111 isto
877 1067 935 1111 N.
964 1068 1018 1110 P.
1044 1080 1072 1109 o
1093 1066 1184 1109 mal
1207 1079 1296 1121 que
1317 1064 1455 1121 daqui
1477 1079 1527 1109 se
1544 1063 1721 1122 seguia,
1741 1066 1875 1109 orde-

221 1161 315 1190 nou
344 1161 371 1190 o
393 1160 485 1204 que
505 1146 661 1204 digo.»
694 1147 962 1202 Sequuntur
989 1145 1081 1187 duo
1109 1144 1446 1201 supplementa:
1479 1154 1604 1197 Lum,
1629 1157 1736 1200 pag.
1768 1156 1875 1203 194-

231 1235 329 1283 195,
355 1225 413 1268 de
435 1224 602 1282 Ignatii
630 1230 765 1281 grato
795 1222 945 1267 animo
973 1236 1085 1280 erga
1112 1220 1355 1267 Societatis
1382 1221 1712 1265 benefactores.
1739 1232 1870 1277 zum,

220 1317 327 1360 pag.
357 1303 566 1361 196·199,
585 1302 643 1346 de
660 1301 731 1355 iis,
751 1315 869 1357 quae
886 1299 1031 1358 gessit
1047 1299 1272 1359 Ignatius,
1288 1305 1340 1343 ut
1353 1298 1591 1358 impediret
1604 1313 1664 1345 ne
1680 1300 1734 1344 P.
1755 1299 1873 1348 laius

223 1379 493 1440 trigestinus
514 1379 757 1438 episcopus
778 1385 1026 1424 crearetur.

907 1504 1094 1547 Codex
1112 1504 1195 1546 25

320 1615 423 1658 Vita
445 1615 611 1658 Patris
642 1614 845 1657 Cornelii
891 1613 1396 1658 Wisclzaven.-Codex
1432 1613 1480 1657 in
1524 1616 1629 1669 12.⁰,
1668 1619 1876 1658 recenter

219 1699 502 1750 compactus,
520 1699 566 1737 et
579 1694 666 1737 hac
680 1692 727 1736 in
737 1693 876 1736 dorso
889 1690 1184 1748 inscriptione
1199 1691 1425 1749 signatus:
1446 1691 1580 1737 «Vita
1591 1693 1644 1736 P.
1665 1691 1875 1736 Wischa-

219 1786 353 1816 ven.»
381 1771 438 1815 26
474 1769 851 1827 quaternionibus
888 1768 1118 1813 coalescit.
1160 1768 1343 1826 Singuli
1380 1768 1719 1827 quaterniones,
1746 1770 1789 1823 8,
1821 1782 1873 1814 10

221 1850 294 1893 vel
323 1861 373 1893 12
395 1850 445 1892 ff.
481 1863 575 1892 non
611 1847 805 1906 signatis
833 1853 1061 1901 constant,
1087 1853 1133 1891 et
1154 1846 1317 1891 litteris
1338 1848 1399 1901 A,
1425 1848 1481 1901 B,
1508 1848 1563 1901 C,
1594 1854 1682 1892 etc.
1709 1847 1872 1891 distin-

219 1933 443 1989 guuntur.
471 1926 672 1972 Ultimus
695 1925 935 1982 quaternio
962 1925 1102 1969 habet
1135 1925 1212 1968 fol.
1245 1939 1351 1969 cum
1372 1924 1559 1969 dimidio
1586 1939 1800 1980 vacuum,
1825 1932 1873 1970 et

219 2005 267 2048 in
288 2005 380 2048 fine
402 2019 569 2048 nomen
595 2003 928 2048 «Wischaven»
957 2002 1107 2047 Patris
1129 2003 1277 2048 Nadal
1298 2017 1437 2047 manu
1459 2002 1679 2060 scriptum
1701 2003 1872 2061 reperi-

221 2089 311 2127 tur.
338 2084 485 2127 Totus
507 2082 653 2126 codex
682 2097 775 2126 una
795 2096 950 2135 manu,
977 2088 1023 2126 et
1043 2080 1228 2137 quidem
1250 2080 1474 2125 concinne
1496 2081 1741 2125 admodum
1762 2096 1872 2126 exa-

216 2167 348 2205 ratus
376 2166 461 2205 est.
503 2160 674 2217 Excipe
709 2162 829 2204 hanc
864 2158 1206 2216 inscriptionem
1242 2165 1349 2203 ante
1389 2160 1566 2203 «Iesus»
1592 2158 1640 2202 in
1682 2161 1740 2202 1.⁸
1761 2173 1868 2216 pag.

221 2237 431 2295 positam,
457 2252 575 2294 quae
597 2237 683 2282 alia
712 2243 758 2281 et
785 2236 945 2294 ignota
971 2251 1110 2282 manu
1137 2236 1306 2294 scripta
1333 2225 1444 2282 esti
1469 2236 1645 2281 «Patris
1673 2237 1872 2281 Cornelii

220 2315 503 2359 Wischaven
518 2315 629 2360 vita.
641 2332 659 2356 »
680 2316 828 2360 Notae
843 2314 1120 2372 marginales
1137 2316 1452 2372 autographae
1467 2314 1616 2359 Patris
1631 2314 1871 2359 Orlandini

220 2392 450 2437 videntur.

311 2472 408 2515 Nos
428 2470 477 2514 in
498 2469 569 2524 iis,
595 2484 714 2526 quae
735 2484 792 2513 ex
807 2471 895 2513 hoc
913 2469 1070 2513 codice
1086 2462 1465 2526 deprompsimus,
1491 2476 1776 2527 transumpto
1799 2470 1869 2514 usi

221 2563 396 2602 sumus,
437 2555 649 2592 accurate
677 2562 781 2591 curn
810 2546 1020 2604 originali
1054 2547 1235 2591 collato.
1269 2546 1507 2604 Originale
1533 2554 1685 2591 autem
1713 2563 1867 2592 exem-

214 2627 317 2683 plar
338 2625 557 2683 scriptum
581 2625 667 2668 fuit
682 2625 866 2669 vivente
889 2626 942 2668 P.
969 2625 1132 2679 Nadal,
1157 2624 1234 2680 qui
1256 2639 1375 2668 anno
1403 2625 1514 2679 1580
1535 2639 1561 2669 e
1577 2624 1692 2669 vivis
1709 2640 1867 2670 exces-

221 2703 294 2747 sit.
327 2702 511 2760 Incipit:
548 2704 716 2747 «Iesus.
749 2703 825 2746 Ad
855 2703 1036 2746 laudem
1065 2703 1207 2747 S,mae
1238 2701 1528 2746 Trinitatis...
1562 2703 1620 2745 In
1645 2704 1772 2746 mari
1792 2694 1869 2747 via

223 2774 302 2824 tua
318 2784 359 2824 et
379 2782 567 2824 semitae
585 2784 686 2824 tuae
703 2781 754 2823 in
771 2781 904 2837 aquis
920 2780 1090 2823 multis.
1104 2814 1132 2823 ..
1144 2797 1161 2820 ι)
1183 2779 1486 2823 Terminatur:
1512 2797 1529 2819 «
1543 2786 1644 2824 ...et
1660 2781 1869 2837 sequenti

221 2858 295 2902 die
317 2860 506 2902 Romam
528 2857 724 2915 ingressi
745 2864 868 2910 sunt,
895 2872 1012 2913 quae
1033 2863 1131 2901 erat
1153 2869 1178 2901 2
1198 2855 1413 2901 Octobris
1436 2867 1564 2913 1553,
1584 2857 1745 2902 aetatis
1760 2873 1869 2902 vero

220 2950 330 2979 suae
351 2935 459 2979 anni
480 2948 583 2991 44.»
610 2935 829 2991 Sequitur
849 2934 1085 2979 annotatio
1104 2936 1158 2979 P.
1186 2934 1426 2979 Orlandini
1447 2949 1588 2985 manu
1608 2935 1791 2993 scripta,
1813 2943 1868 2980 ·-u·t

221 3012 419 3068 videtur,
439 3028 557 3070 quae
572 3012 745 3070 incipit:
766 3014 841 3056 «In
860 3016 921 3057 2.⁰
940 3020 1063 3057 tomo
1085 3020 1131 3057 et
1152 3013 1344 3056 fortasse
1359 3012 1407 3056 in
1423 3011 1522 3056 aliis
1537 3012 1860 3058 Chronicis...»

217 3097 269 3137 et
289 3090 477 3135 desinit:
507 3108 586 3135 «....
612 3090 752 3150 digna
773 3091 939 3135 dehoc
962 3092 1015 3135 P.
1040 3090 1255 3136 Cornelio
1277 3089 1602 3135 Wischaven.»
