2046 3510
0 3127 12 3213 ww

898 260 1100 307 1535-1538
1749 256 1756 264 '
1803 276 1816 303 1

982 472 1009 510 Ι

653 577 1034 621 CHRONICON
1067 578 1343 623 NATALIS

436 699 524 729 IAM
558 698 676 729 INDE
708 699 739 729 A
771 698 1021 729 PRINCIPIO
1055 698 1348 729 VOCATIONIS
1382 699 1506 730 SUAE
1544 688 1551 707 ¹

857 827 1124 863 LUTECIAE

938 923 1053 958 1535

268 1044 306 1076 1.
371 1030 589 1076 Luteciae
609 1030 720 1074 noui
743 1029 1022 1074 familiariter
1044 1031 1098 1074 P.
1125 1030 1371 1087 Ignatium.
1398 1030 1612 1076 Videram
1636 1033 1819 1089 quidem

142 1098 145 1100 μ
171 1116 308 1155 antea
330 1108 580 1166 Compluti‚
599 1109 682 1152 sed
702 1123 795 1152 non
812 1122 1110 1166 agnoueram,
1134 1107 1213 1150 vbi
1228 1107 1338 1152 noui
1360 1108 1498 1153 etiam
1516 1111 1570 1154 Ρ.
1596 1108 1816 1167 Laynem,

174 1188 486 1233 Salmeronem
507 1193 555 1230 et
576 1185 874 1230 Bobadillam.
933 1235 935 1237 ,

247 1345 258 1365 ¹
308 1343 368 1378 Ex
401 1342 662 1389 autographo,
698 1341 739 1378 in
773 1353 867 1377 mss.
910 1341 950 1376 S.
993 1341 1234 1387 J.-Parvus
1268 1341 1394 1377 codex
1427 1343 1658 1380 chartaceus
1691 1345 1731 1380 in
1764 1345 1820 1381 8.⁰

170 1403 237 1449 (15
255 1409 299 1442 ><
316 1411 360 1438 ΙΙ
377 1405 477 1438 cent.
480 1402 514 1448 )‚
532 1401 702 1449 simplici
717 1413 957 1449 pergameno
973 1406 1198 1448 coopertus,
1217 1400 1263 1446 56
1279 1400 1384 1437 foliis
1397 1403 1640 1449 coalescens,
1654 1416 1818 1452 quorum

172 1463 301 1511 priora
317 1474 442 1510 usque
459 1462 509 1498 ad
524 1469 646 1508 42.¹¹m
671 1461 799 1497 Patris
824 1461 948 1497 Nadal
971 1460 1200 1497 chronicon
1223 1461 1443 1507 continent,
1469 1462 1510 1498 in
1534 1463 1698 1511 reliquis
1724 1477 1820 1501 vero

171 1522 267 1559 nihil
286 1521 477 1570 scriptum
492 1521 702 1569 reperitur.
720 1520 845 1565 Folia,
870 1521 905 1557 si
927 1521 1006 1556 duo
1030 1520 1158 1567 priora
1181 1520 1428 1568 excipiantur
1442 1549 1451 1567 ,
1475 1534 1576 1570 quae
1598 1525 1773 1560 numeris
1799 1534 1813 1560 1

171 1588 212 1619 et
227 1582 252 1619 3
267 1582 377 1628 (olim
394 1586 432 1628 2)
448 1582 635 1619 distincta
651 1587 758 1626 sunt,
777 1582 928 1617 nullum
951 1593 1172 1625 numerum,
1191 1581 1263 1617 sed
1287 1586 1440 1618 tantum
1456 1583 1585 1619 crucis
1602 1583 1760 1630 signum
1777 1585 1818 1621 in

171 1655 324 1679 summa
340 1654 408 1680 ora
425 1643 629 1690 utriusque
648 1642 826 1689 pagellae
844 1641 1034 1688 scriptum
1052 1642 1213 1676 habent.

242 1702 364 1738 Porro
380 1703 478 1738 haec
495 1701 541 1747 56
558 1701 651 1737 folia
667 1701 708 1737 in
726 1706 806 1737 tres
823 1699 1047 1745 fasciculos,
1066 1699 1240 1736 numeris
1257 1700 1307 1736 ad
1323 1701 1472 1737 calcem
1486 1701 1634 1749 primae
1651 1704 1818 1750 paginae

172 1761 395 1806 distinctos,
413 1760 619 1809 dispertita
637 1766 678 1797 et
695 1761 811 1797 simul
830 1765 964 1796 assuta
987 1748 1079 1796 su'nt
1101 1760 1143 1795 in
1166 1759 1332 1796 formam
1356 1760 1494 1797 libelli.
1520 1761 1727 1799 Secundus
1753 1776 1803 1800 au

172 1826 255 1858 tem
271 1821 484 1858 fasciculus
501 1820 558 1858 sic
575 1821 678 1857 intra
694 1820 855 1857 tertium
872 1825 1099 1868 compactus
1117 1825 1193 1865 est,
1212 1825 1256 1855 ut
1278 1822 1394 1856 ambo
1412 1821 1571 1857 unicum
1587 1821 1818 1860 fasciculum

171 1882 343 1918 conflare
366 1881 587 1918 videantur.

245 1941 411 1988 Singula
437 1941 535 1977 item
563 1940 658 1977 folia
686 1940 888 1988 plicaturis
917 1939 1151 1988 quibusdam
1175 1940 1216 1977 in
1244 1946 1412 1988 quatuor
1434 1946 1566 1988 partes
1588 1944 1775 1990 aequales
1798 1956 1822 1979 a

171 2013 325 2038 summo
341 2001 526 2037 deorsum
543 2001 599 2037 ita
616 2001 856 2045 tribuuntur,
875 2005 919 2036 ut
931 2000 1084 2036 duabus
1103 2001 1291 2037 extremis
1305 2001 1510 2048 scriptioni
1523 2003 1820 2039 annotationum

170 2061 399 2106 reservatis,
416 2061 458 2097 in
475 2060 605 2097 medio
629 2066 782 2096 tantum
805 2059 933 2107 spatio
960 2059 1189 2096 chronicon
1213 2066 1417 2096 exaratum
1435 2061 1508 2106 sit;
1531 2062 1638 2109 quod
1662 2063 1820 2110 quidem

172 2125 314 2163 totum,
333 2133 412 2157 non
429 2121 607 2168 exceptis
631 2120 771 2162 titulis,
791 2120 1077 2167 autographum
1102 2124 1164 2155 est
1186 2120 1315 2156 Patris
1339 2120 1480 2165 Nadal,
1505 2126 1546 2156 et
1568 2122 1822 2169 quantumvis

171 2180 291 2217 variis
309 2181 651 2217 emendationibus
669 2186 710 2216 et
726 2179 994 2216 additionibus
1012 2181 1062 2215 ab
1080 2179 1166 2227 ipso
1183 2181 1422 2227 castigatum
1439 2181 1574 2226 fuerit,
1593 2193 1672 2218 non
1691 2187 1822 2218 tamen

173 2252 366 2276 summam
383 2240 421 2276 ei
439 2252 597 2276 manum
614 2246 751 2276 auctor
767 2238 969 2287 imposuit,
988 2239 1059 2275 sed
1076 2238 1353 2286 imperfectum
1370 2240 1544 2288 reliquit.

243 2301 345 2336 Tum
362 2300 403 2336 in
419 2300 514 2336 folio
531 2300 775 2348 pergameni,
794 2312 873 2348 quo
889 2299 1017 2335 codex
1035 2299 1225 2346 operitur,
1244 2306 1329 2335 tum
1346 2300 1386 2336 in
1405 2301 1529 2348 prima
1549 2300 1742 2338 Chronici
1758 2313 1822 2348 pa-

169 2359 279 2406 gina,
297 2361 395 2396 haec
413 2360 631 2408 inscriptio,
650 2359 726 2396 alia
743 2372 765 2395 a
783 2359 912 2395 Patris
930 2359 1055 2394 Nadal
1075 2371 1207 2403 manu,
1222 2359 1359 2395 nitidis
1378 2365 1419 2396 et
1431 2360 1604 2408 antiquis
1625 2362 1823 2396 characte-

174 2418 284 2456 ribus
301 2425 461 2456 exarata
478 2425 552 2455 est:
582 2420 742 2455 Vocatio
762 2420 811 2454 P.
830 2418 1008 2454 Natalis.
1028 2419 1074 2453 In
1099 2430 1167 2453 ora
1189 2419 1404 2466 superiori,
1424 2427 1542 2455 manu
1567 2419 1686 2455 etiam
1709 2420 1823 2456 nobis

174 2478 330 2526 ignota:
357 2481 406 2515 P.
426 2479 588 2515 Natale.
607 2480 653 2515 In
670 2479 835 2515 dextero
854 2477 1030 2524 margine
1055 2477 1180 2525 ipsius
1204 2478 1393 2525 paginae,
1418 2479 1537 2523 duas,
1562 2479 1698 2515 nescio
1720 2480 1823 2527 quis,

172 2538 323 2575 addidit
339 2539 628 2582 annotationes,
646 2550 747 2586 quae
765 2538 823 2574 sic
840 2549 883 2573 se
906 2538 1068 2573 habent.
1094 2537 1238 2573 Prima:
1265 2538 1371 2574 Sunt
1394 2539 1606 2585 quinterni
1632 2549 1666 2584 3.
1692 2540 1824 2575 Perti-

171 2601 268 2634 nent
284 2600 340 2635 ad
361 2599 609 2635 vocationem
631 2599 679 2634 P.
699 2598 876 2634 Natalis.
897 2597 1012 2633 Nihil
1029 2597 1149 2633 aliud
1165 2600 1223 2633 est
1240 2599 1285 2634 in
1303 2598 1403 2634 illis.
1420 2598 1615 2641 Secunda,
1635 2600 1752 2645 paulo
1769 2599 1823 2634 in-

170 2657 307 2694 ferius:
325 2659 497 2705 Ipsemet
515 2659 564 2694 P.
590 2658 755 2694 Natalis
770 2657 946 2704 scripsit,
965 2658 1064 2692 dum
1083 2657 1133 2691 P.
1152 2657 1396 2693 Franciscus
1413 2658 1574 2705 Borgia
1596 2660 1693 2693 esset
1706 2669 1825 2704 gene—

171 2718 293 2762 ralis,·
311 2721 356 2753 ut
366 2721 481 2766 patet
497 2731 545 2754 ex
562 2718 681 2754 tertio
698 2718 928 2764 quinterno,
942 2719 1046 2764 pag.
1062 2717 1310 2763 penultima.
1331 2718 1436 2764 Ipse,
1454 2717 1522 2764 qui
1538 2718 1608 2752 has
1622 2717 1719 2752 duas
1734 2717 1825 2753 scri-

170 2776 250 2824 psit
266 2777 557 2822 annotationes,
576 2776 840 2812 transcribere
857 2775 1020 2812 nitidius
1039 2787 1254 2822 aggressus
1274 2781 1356 2820 est,
1375 2787 1478 2823 quae
1496 2775 1620 2810 Nadal
1633 2801 1643 2819 ,
1662 2786 1731 2822 pro
1754 2787 1827 2811 suo

172 2847 294 2881 more,
314 2835 457 2872 litteris
474 2836 590 2872 valde
607 2835 784 2872 confusis
802 2840 1048 2879 exaraverat3
1069 2840 1146 2879 ast,
1165 2836 1341 2871 numeris
1363 2836 1415 2870 1.⁰
1433 2840 1473 2870 et
1490 2833 1546 2869 3.⁰
1564 2834 1769 2870 dumtaxat
1786 2835 1826 2870 in

171 2895 350 2942 margine
366 2895 636 2943 transumptis,
656 2894 822 2932 ulterius
838 2907 919 2931 non
943 2900 1005 2930 est
1022 2905 1271 2941 progressus.
1291 2895 1374 2930 Nos
1397 2899 1546 2938 autem,
1565 2905 1644 2929 non
1667 2893 1753 2929 sine
1771 2895 1823 2929 la—

175 2956 285 3000 bore,
303 2967 379 3003 qua
395 2955 594 3003 potuimus
610 2955 818 3002 diligentia
834 2960 875 2990 et
892 2954 1039 2999 studio,
1064 2960 1191 2990 totum
1217 2953 1446 2990 Chronico„
1470 2953 1733 2989 transcribere
1758 2965 1823 2989 cu-

178 3014 371 3060 ravimus;
396 3026 475 3051 non
499 3019 631 3050 tamen
660 3014 851 3050 audemus
874 3015 1066 3050 affirmare
1092 3012 1225 3048 omnia
1247 3019 1357 3049 recte
1381 3012 1661 3059 interpretatos
1683 3011 1822 3048 fuisse.

179 3073 457 3120 Nihilominus,
473 3075 759 3122 quaecumque,
778 3079 868 3121 post
884 3073 1112 3109 diuturnum
1129 3074 1305 3108 laborem
1332 3077 1374 3108 et
1390 3071 1606 3119 peritorum
1628 3073 1823 3107 consulta-

360 3145 474 3188 Emsr.
493 3145 532 3174 Ρ.
554 3145 690 3179 ΝΑοΑι,
712 3153 787 3175 τοι.
805 3145 833 3175 Ι.
1592 3144 1606 3172 1
