2028 3484
788 276 834 304 22
859 268 1029 305 Apmms
1057 277 1146 316 1555
1717 278 1787 317 297

147 370 192 415 io
213 371 367 415 mandi
388 387 416 416 a
437 372 577 418 ueder
598 371 629 415 il
650 372 840 429 luogho,
864 378 910 417 et
932 372 1039 429 quel
1060 374 1146 417 che
1167 373 1193 416 0
1209 372 1467 417 necessario
1483 373 1609 417 accio
1626 374 1664 417 si
1679 387 1786 431 pro-

149 462 318 507 uegga:
343 449 375 493 l’
393 455 572 494 entrata
587 450 688 494 sara
709 448 908 494 secondo
929 463 1071 506 pensa
1099 461 1210 494 1200
1239 459 1281 496 Δ
1316 450 1344 494 ¹:
1365 455 1486 495 resta
1501 464 1585 494 sua
1600 450 1789 496 maiesta

149 527 289 572 molto
310 532 526 572 contenta
545 525 652 572 delli
680 525 846 580 nostri,
872 532 919 571 et
941 525 1222 572 affettionata
1251 527 1339 571 alla
1368 527 1669 584 Compagnia:
1694 528 1720 571 e
1742 527 1788 571 di

149 611 275 649 tanta
295 605 436 649 bonta
456 610 502 649 et
521 603 568 648 di
595 610 722 648 tanta
742 604 895 650 buona
921 603 1191 659 intentione,
1215 605 1302 649 che
1323 604 1349 648 ὲ
1369 618 1451 660 per
1471 603 1592 648 darsi
1613 605 1787 662 grande

146 681 291 739 gloria
306 682 350 726 al
366 681 572 739 Signore.
593 682 726 727 Altre
741 695 848 727 cose
864 681 1004 726 lascio
1020 681 1067 726 di
1082 680 1180 727 dire
1195 681 1242 725 di
1258 681 1399 726 molto
1417 680 1577 737 frutto,
1597 696 1786 727 seruan-

147 759 251 805 dole
272 759 358 804 alla
379 757 511 803 uista.

235 836 295 879 In
314 839 482 893 quarta
495 837 680 894 pagina
701 835 810 879 haec
831 839 1010 880 tantum
1032 837 1271 893 inscriptio
1292 836 1444 892 posita
1464 838 1542 879 est:
1564 835 1663 879 Lra.
1689 834 1787 880 edi-

99 937 102 942 ·
146 913 329 957 ficatiua
349 913 424 958 del
447 915 524 957 Re
549 912 737 958 Nadale.
769 913 828 958 Di
858 914 1089 971 Augusta.
1122 923 1171 969 15
1178 923 1201 968 5
1207 922 1248 968 5.

934 1131 1012 1173 ⁷6

591 1237 644 1280 Ρ.
681 1236 1097 1281 HIERONYMUS
1128 1235 1349 1285 NADAL

412 1360 417 1364 ·
492 1340 737 1379 SANC'ro
775 1339 1041 1379 IGNATIO
1079 1341 1157 1377 DE
1194 1339 1444 1379 LOYOLA

593 1437 830 1495 Dilingae,
867 1449 922 1483 22
955 1437 1128 1495 Aprilis
1164 1447 1273 1493 1555
1307 1437 1339 1481 ².

144 1558 179 1585 Ι.
211 1548 432 1596 Dilingam
460 1559 500 1583 se
525 1524 775 1595 pervenisse,
800 1546 1018 1594 collegium
1046 1548 1084 1583 et
1115 1545 1422 1582 universitatem
1453 1544 1788 1591 perlustrasse.—

217 1617 253 1644 2.
274 1607 334 1644 De
348 1608 434 1655 ipso
446 1607 616 1655 collegio
635 1606 904 1655 provehendo,
924 1608 962 1643 et
986 1606 1034 1643 de
1052 1605 1280 1643 Germania
1296 1604 1592 1652 juvanda.-3.
1622 1603 1672 1640 Se
1697 1614 1787 1639 cum

209 1666 321 1714 sona
337 1667 431 1704 bene
445 1667 596 1704 valere.

624 1749 819 1797 Excerpta
844 1761 895 1785 ex
920 1749 1062 1786 litteris
1087 1749 1132 1785 P.
1160 1747 1300 1785 Nadal.

178 1872 186 1873 ff
243 1861 280 1893 1.
345 1849 524 1905 Quatro
545 1845 592 1892 di
616 1861 730 1891 sono
751 1848 838 1892 che
861 1845 999 1892 uenni
1027 1845 1075 1889 in
1103 1853 1266 1903 questa
1298 1843 1549 1890 uniuersita
1576 1850 1622 1888 et
1649 1842 1779 1888 eolle-

146 1926 239 1984 gio,
264 1933 310 1971 et
331 1925 530 1971 secondo
552 1925 582 1968 l'
606 1924 765 1970 ordine
786 1925 873 1969 che
894 1923 956 1967 mi
978 1923 1117 1968 lascio
1139 1926 1288 1969 Mons.
1314 1924 1446 1967 Rmo.
1478 1922 1524 1966 di
1553 1922 1784 1977 Augusta,

145 2005 206 2047 ho
228 2003 347 2048 uisto
369 2010 490 2047 tutto
512 2001 663 2059 quello
685 2003 771 2048 che
792 2001 831 2046 si
854 2002 914 2055 fa,
935 2007 1062 2046 tanto
1084 2001 1210 2059 negli
1232 2000 1372 2055 studi,
1397 2014 1526 2044 come
1547 1997 1595 2042 in
1617 1996 1787 2054 qualsiu

145 2081 301 2139 uoglia
321 2081 438 2125 altro
457 2079 633 2134 ordine,
659 2086 705 2125 et
727 2078 940 2136 esercitij,
965 2086 1011 2125 et
1033 2093 1243 2136 persone,
1268 2085 1315 2124 et
1338 2084 1456 2122 tutte
1470 2077 1514 2122 10
1530 2077 1643 2120 altre
1659 2089 1784 2127 cose,

144 2157 338 2203 dicendo
360 2172 490 2203 corne
510 2156 574 2201 mi
595 2157 761 2201 mando
783 2171 810 2200 a
831 2156 928 2202 dire
950 2156 982 2200 il
1003 2155 1234 2202 cardinale
1255 2157 1341 2202 che
1362 2170 1440 2201 era
1467 2154 1681 2198 mandato
1708 2166 1787 2210 per

147 2236 288 2282 ueder
308 2235 340 2279 il
361 2242 482 2280 tutto
502 2234 629 2280 accio
649 2236 736 2280 che
757 2234 967 2278 andando
990 2249 1017 2279 a
1038 2235 1183 2279 Roma
1208 2232 1378 2292 potessi
1405 2233 1488 2276 dar
1519 2229 1714 2288 raggion
1742 2227 1787 2272 di

146 2313 257 2372 ogni
277 2328 399 2358 cosa.
425 2313 511 2358 Fui
531 2312 739 2358 riceuuto
760 2326 848 2356 con
868 2312 1008 2356 molto
1036 2326 1190 2357 amore
1218 2312 1294 2357 nel
1321 2310 1508 2355 castello
1535 2308 1609 2353 del
1638 2305 1786 2351 cardi—

148 2392 252 2437 nale
272 2391 347 2435 dal
366 2397 538 2437 rettore
553 2397 599 2436 et
614 2389 860 2448 professori
877 2392 910 2444 ⁵,
930 2396 977 2435 et
998 2391 1058 2434 ho
1081 2395 1266 2433 trattato
1282 2403 1370 2433 con
1386 2388 1482 2432 loro
1500 2382 1786 2442 famigliaris—

149 2468 432 2514 simamente.
458 2452 669 2514 Domane
689 2468 751 2512 mi
771 2474 902 2526 parto
922 2482 1005 2525 per
1026 2467 1278 2511 Ratisbona
1298 2481 1379 2524 per
1402 2472 1536 2511 terra:
1562 2464 1588 2507 0
1608 2460 1786 2506 camino

150 2561 231 2605 per
253 2560 278 2603 3
300 2545 525 2604 giornate,
551 2552 597 2591 et
617 2544 756 2603 dopoi
777 2560 858 2604 per
878 2546 923 2589 lo
944 2543 1190 2589 Dannubio
1211 2543 1360 2588 insino
1387 2558 1414 2587 a
1442 2541 1635 2593 Vienna,
1667 2539 1786 2582 doue

221 2687 232 2707 ¹
267 2685 344 2720 ⁴De
360 2683 519 2731 collegii
536 2682 741 2732 pragensis
765 2682 903 2728 initiis,
927 2681 979 2718 cf.
1007 2682 1228 2729 POLANCO‚
1256 2681 1422 2721 Chron„
1450 2680 1500 2724 V,
1525 2687 1594 2724 240
1612 2681 1652 2713 et
1674 2687 1784 2722 seqq.

146 2743 247 2781 Vide
265 2744 384 2780 etiam
401 2756 532 2792 supra,
550 2743 666 2791 epist.
685 2743 747 2790 68,
766 2755 805 2779 n.
829 2752 885 2788 103
904 2750 966 2788 74,
981 2754 1021 2778 n.
1040 2751 1077 2787 4;
1096 2746 1137 2777 et
1154 2740 1268 2786 infra,
1287 2741 1403 2788 epist.
1421 2748 1467 2786 77
1486 2744 1526 2775 et
1542 2737 1601 2783 78.

213 2807 228 2827 ²
279 2805 338 2840 Ex
351 2805 589 2852 apographo,
604 2803 644 2840 in
658 2803 789 2852 Epist.
804 2803 963 2844 Natat„
979 2802 1011 2848 1,
1030 2801 1178 2849 duplici
1194 2800 1278 2846 fol.,
1293 2799 1372 2837 30(c
1388 2802 1474 2845 (295
1492 2803 1533 2834 et
1547 2796 1644 2842 296).
1660 2796 1785 2842 Repe-

143 2864 241 2900 ritur
258 2865 332 2900 hoe
348 2864 613 2910 fragmentum
631 2863 734 2899 inter
751 2862 842 2909 alia,
860 2862 910 2898 de
927 2861 1071 2910 quibus
1088 2866 1151 2898 est
1169 2872 1298 2897 sermo
1316 2872 1445 2908 supra,
1465 2857 1579 2905 epist.
1607 2864 1652 2901 74
1676 2860 1716 2891 et
1739 2861 1786 2899 75

145 2924 185 2960 in
201 2924 465 2972 descriptione
493 2923 679 2971 ipsarum.
705 2923 790 2959 Hac
813 2922 981 2970 epistola
1005 2933 1098 2957 usus
1122 2926 1183 2957 est
1211 2922 1256 2957 P.
1285 2921 1502 2960 POLANCO‚
1537 2916 1703 2958 chron„
1735 2914 1784 2957 V,

81 2971 84 2974 ’
147 2983 232 3030 267,
250 2983 320 3020 268
338 2989 379 3020 et
396 2983 479 3030 269.

217 3044 233 3065 ³
282 3043 453 3090 Quinam
471 3048 606 3080 essent
623 3048 717 3079 tunc
735 3042 922 3090 temporis
938 3042 1171 3089 dilingensis
1195 3038 1463 3077 universitatis
1487 3042 1614 3073 rector
1637 3041 1678 3072 et
1702 3046 1785 3083 pro-

148 3102 318 3140 fessores
335 3104 457 3141 habes
474 3103 514 3140 in
534 3101 701 3147 Chron„
720 3104 795 3140 100.
815 3103 900 3150 cit„
919 3114 958 3139 n.
978 3110 1063 3148 745,
1082 3106 1215 3138 annot.
1238 3109 1270 3136 1.
