2098 3484
750 263 773 298 9
801 253 1050 288 Dsscssussms
1080 260 1172 297 1550
1737 262 1784 301 97

134 369 260 398 cuna
295 355 592 413 concludere:
633 368 843 412 speramo
880 354 956 398 nel
993 353 1166 410 Signor
1202 356 1288 398 che
1325 355 1411 398 alla
1433 362 1603 398 venuta
1630 355 1676 399 di
1704 370 1787 400 sua

142 432 312 476 Ece.tia
329 432 440 490 ogni
460 447 569 476 cosa
589 432 629 476 si
651 432 926 476 concludera
947 446 975 474 a
995 431 1211 488 maggior
1232 431 1381 488 gloria
1407 433 1482 476 del
1509 432 1678 489 Signor
1704 447 1788 477 no—

137 517 253 554 stro.
279 509 366 555 Lui
388 509 427 554 si
448 509 590 567 degni
612 524 693 567 per
714 508 926 566 maggior
947 508 1095 566 gloria
1121 508 1168 552 di
1194 523 1282 552 suo
1304 516 1437 552 santo
1456 524 1592 553 nome
1612 524 1790 567 sempre

139 587 459 646 augmentarci
484 587 517 631 il
543 602 629 632 suo
658 594 790 631 santo
818 588 942 631 lume
962 594 1010 631 et
1030 586 1194 644 gratia,
1220 586 1348 631 30οἰὸ
1369 588 1414 630 13
1440 602 1524 631 sua
1551 594 1682 631 santa
1708 603 1791 633 vo—

139 666 274 710 lunta
309 672 357 709 et
391 665 616 709 sentiamo
643 672 690 709 et
717 665 1069 722 perfettamente
1096 663 1382 721 compliamo.
1414 664 1512 708 Ora
1534 669 1625 720 pro
1653 665 1794 718 nobis,

140 744 305 795 Putem
325 746 452 787 orate
467 748 558 800 pro
579 743 721 796 nobis,
748 743 919 785 Patres
940 745 981 785 et
993 743 1199 800 fratres.

231 821 304 864 Da
326 819 542 872 Messina,
570 832 595 863 2
618 820 664 863 di
687 820 946 865 Settembre
974 829 1101 874 1550.

682 899 741 941 D.
770 898 825 940 P.
851 898 911 941 V.
937 911 1074 940 seruo
1095 896 1143 939 in
1159 898 1280 954 Xpo.

1026 975 1329 1019 HIERONYMO
1361 976 1549 1019 NADAL.

234 1053 481 1109 Inscripiio
508 1054 561 1096 in
587 1056 743 1096 octava
762 1053 969 1110 pagina:
990 1051 1021 1110 †
1049 1052 1110 1095 Al
1137 1053 1279 1095 molto
1306 1051 1419 1096 R.d0
1446 1051 1494 1096 in
1516 1054 1654 1097 Chro.
1683 1055 1737 1096 P.
1763 1052 1794 1096 il

90 1158 92 1160 -
146 1132 201 1174 P.
226 1132 290 1175 M.
316 1130 496 1187 Ignatio
517 1130 575 1174 de
598 1130 786 1186 Loyola‚
811 1129 1042 1186 preposito
1064 1130 1280 1186 generale
1301 1129 1421 1174 della
1441 1130 1728 1188 Compagnia
1748 1131 1794 1175 di

135 1208 268 1266 Jcsu,
288 1207 336 1250 in
351 1214 484 1252 santa
498 1207 644 1252 Maria
658 1207 778 1252 della
795 1208 949 1252 Strata
964 1222 1181 1264 appresso
1198 1222 1225 1250 a
1240 1214 1374 1251 santo
1385 1209 1557 1263 Marce,
1571 1207 1619 1252 in
1630 1209 1789 1252 Roma.

235 1285 344 1328 Alia
365 1300 532 1328 manu:
559 1296 686 1340 1550.
712 1287 784 1330 De
806 1284 1007 1329 Messina
1029 1297 1054 1328 2
1099 1284 1210 1339 7bris
1245 1295 1373 1340 1550.

235 1362 394 1420 Sigilli
420 1363 684 1420 vestigium.

927 1586 1012 1628 28

587 1697 640 1739 Ρ.
677 1695 1095 1740 HIERONYMUS
1127 1696 1350 1739 NADAL

486 1800 730 1839 SANCTO
774 1800 1039 1839 IGNATIO
1082 1802 1160 1838 DE
1202 1801 1452 1840 LOYOLA

575 1900 830 1950 Messanae,
856 1913 884 1956 9
905 1897 1174 1941 Decembris
1202 1909 1314 1954 1550
1340 1900 1369 1942 ¹.

143 2021 181 2047 Ι.
212 2011 374 2049 Gaudet
402 2013 450 2048 de
479 2013 658 2047 adventu
685 2011 801 2046 ducis
833 2010 1022 2046 Gandiae
1052 2023 1142 2046 cum
1159 2011 1254 2060 filio
1278 2013 1554 2048 Romam.—2.
1588 2013 1651 2049 De
1681 2014 1809 2050 rebus

504 2071 666 2118 collegii
681 2071 934 2112 mamertini,
953 2073 991 2106 et
1007 2072 1055 2107 de
1066 2071 1175 2118 festo
1194 2072 1234 2107 S.
1255 2071 1430 2108 Nicolai.

926 2191 1017 2233 Ihs.

237 2287 382 2331 Molto
403 2285 515 2330 R.d0
536 2286 584 2329 in
607 2287 747 2331 Chro.
777 2289 830 2330 Ρ.

238 2364 304 2408 La
325 2363 474 2420 gratia
494 2370 541 2407 et
562 2377 689 2406 amor
710 2370 870 2407 eterno
889 2362 936 2405 di
959 2363 1099 2406 Chro.
1125 2370 1283 2407 nostro
1312 2364 1410 2408 S.re
1439 2378 1620 2422 sempre
1647 2364 1714 2409 sia
1741 2379 1800 2409 ne

147 2440 166 2484 i
188 2440 315 2485 cuori
336 2440 495 2484 nostri.
522 2441 690 2485 Amen.

246 2530 284 2562 1.
349 2517 601 2562 Hauesimo
623 2533 714 2561 vna
734 2517 780 2560 di
802 2518 861 2561 V.
889 2519 942 2560 P.
968 2517 1043 2561 dcl
1071 2527 1120 2572 15
1144 2518 1203 2561 de
1220 2519 1500 2574 Nouembre,
1521 2520 1656 2575 quale
1674 2526 1800 2564 tanto

222 2705 232 2725 ¹
283 2703 344 2738 Ex
360 2703 590 2749 archetypo,
610 2702 651 2737 in
670 2702 802 2749 Epist.
821 2700 980 2743 Natal„
1000 2701 1054 2747 ΙΙ,
1073 2699 1188 2736 unico
1206 2700 1290 2746 fol.,
1311 2710 1356 2747 55
1370 2704 1462 2746 (21).
1478 2701 1726 2749 Subscriptio
1738 2706 1800 2737 est

143 2753 400 2809 autographa.
422 2762 458 2797 A
475 2767 589 2808 tergo
607 2762 714 2797 nulla
731 2760 951 2808 inscriptio,
970 2759 1042 2796 scd
1058 2760 1188 2796 Patris
1205 2761 1379 2797 Polanco
1403 2773 1522 2797 manu
1539 2761 1685 2808 scripta
1710 2767 1802 2797 sunt

146 2820 338 2868 quaedam
355 2821 580 2857 adversaria
598 2820 883 2868 promissionis,
898 2831 920 2855 a
934 2819 975 2855 S.
993 2819 1204 2855 Francisco
1219 2820 1268 2856 de
1283 2820 1401 2867 Borja
1414 2821 1602 2868 episcopo
1619 2819 1669 2856 de
1689 2819 1802 2868 Squi-

145 2881 254 2916 lacce
276 2879 420 2927 factae,
440 2885 484 2916 ut
501 2880 542 2916 in
560 2881 708 2927 templo
725 2879 937 2916 societatis
961 2878 1122 2926 sepeliri
1145 2884 1281 2927 queat,
1303 2881 1417 2927 cujus
1442 2880 1713 2928 promissionis
1737 2880 1801 2916 hic

146 2939 288 2976 titulus
304 2931 553 2976 inscribitur:
575 2940 771 2975 Promesa
789 2940 836 2975 de
853 2951 936 2975 vna
959 2938 1113 2985 capizla
1125 2941 1237 2985 para
1260 2940 1297 2975 el
1320 2940 1453 2987 obispo
1477 2940 1525 2975 de
1546 2939 1799 2985 Esquilache.

149 2999 272 3035 Porro
290 2999 364 3035 hoc
380 2999 661 3036 documentum
678 2998 782 3034 inter
799 3010 860 3045 ea,
884 3009 985 3045 quae
1004 2997 1053 3032 ad
1077 2997 1118 3033 S.
1145 2999 1399 3034 Franciscum
1424 3003 1620 3046 spectant,
1645 2999 1802 3046 proprio

153 3058 240 3094 loco
258 3058 469 3095 inseretur.

333 3130 447 3160 Epist.
465 3129 506 3158 P.
525 3128 662 3166 NAmu..
685 3134 762 3159 rou.
783 3129 811 3159 1.
1572 3130 1590 3157 7
