2028 3484
794 274 818 310 6
845 274 1014 310 Apmms
1043 281 1132 320 1555
1714 283 1783 322 295

145 375 312 422 uedere
334 390 424 420 una
445 375 629 421 natione
650 382 777 420 tanto
798 376 974 433 grande
995 382 1041 419 et
1062 375 1214 420 nobile
1241 390 1371 420 come
1398 382 1574 431 questa,
1599 376 1784 421 lasciata

142 453 188 496 d’
212 452 434 511 ogniuno‚
458 460 504 498 et
525 454 631 498 data
653 454 704 497 in
725 453 1031 509 depastionem
1057 453 1067 474 ¹
1093 452 1167 496 del
1188 452 1415 507 demonio,
1435 467 1564 497 come
1580 454 1623 496 la
1642 456 1694 497 Ρ.
1722 455 1779 498 V.

142 530 379 576 intendera
399 546 481 588 per
501 531 663 576 lettere
684 530 759 575 del
781 531 834 574 P.
862 532 925 574 M.
947 530 1146 586 Laynez,
1166 531 1252 574 che
1274 529 1476 574 scriuera
1492 531 1655 575 alcune
1677 545 1783 576 cose

143 614 353 662 secrette,
379 614 424 653 et
447 614 574 652 tanto
595 607 674 665 piu
695 607 903 654 desidero
933 609 1020 652 che
1050 606 1118 650 sia
1145 606 1331 660 aiutata,
1358 613 1404 652 et
1426 607 1544 652 uedo
1573 622 1636 651 un
1658 609 1782 652 buon

144 700 300 730 mezzo
320 700 400 742 per
436 686 480 730 la
512 684 796 743 Compagnia
831 684 1105 743 pigliandosi
1141 684 1322 741 collegi,
1349 699 1399 728 se
1427 699 1519 727 non
1546 684 1584 728 si
1612 685 1784 741 potessi

142 764 228 808 che
245 762 351 807 tutti
374 763 545 808 fossero
566 763 684 808 della
707 761 1009 819 Compagnia,
1034 762 1242 806 almanco
1266 776 1358 805 una
1379 768 1507 819 parte
1534 762 1592 806 de
1622 762 1780 814 nostri,

141 847 187 886 et
209 840 310 884 altri
327 841 385 886 de
406 840 600 884 scholari
622 839 769 894 liberi,
794 840 993 885 secondo
1020 840 1050 883 l’
1087 839 1247 884 ordine
1274 840 1393 884 della
1415 842 1479 894 43²
1508 846 1638 896 parte
1666 840 1784 884 delle

139 917 467 972 constitutioni3
493 925 539 963 et
559 932 694 975 spero
715 919 802 963 che
822 916 870 960 in
891 923 1055 974 questo
1077 917 1214 961 modo
1235 916 1274 960 si
1296 917 1518 973 potrebbe
1544 915 1782 972 negotiare

137 995 281 1053 prima
302 996 373 1039 col
394 996 622 1041 cardinale
643 995 689 1039 d’
716 996 899 1052 Agusta
920 995 964 1038 d'
989 996 1161 1039 hauere
1188 993 1219 1036 il
1247 993 1446 1051 collegio
1473 994 1532 1038 de
1558 993 1779 1050 Dillinga,

136 1073 183 1119 et
196 1073 404 1118 ‘fondarsi
425 1073 527 1117 altri
548 1087 693 1130 pocco
715 1088 742 1116 a
763 1086 924 1130 pocco,
949 1072 964 1115 i
986 1072 1108 1129 quali
1137 1075 1290 1115 tamen
1317 1072 1602 1129 potrebbono
1630 1085 1781 1116 essere

120 1151 210 1195 -col
233 1158 384 1209 tempo
405 1149 842 1208 dellaCompagnia,
873 1150 1040 1207 perche
1067 1165 1126 1195 ne
1153 1148 1348 1194 scholari
1377 1165 1436 1194 ne
1457 1174 1516 1181 —
1537 1174 1596 1180 —
1617 1174 1676 1180 —
1698 1148 1713 1168 ²
1744 1147 1782 1191 si

136 1243 336 1286 possono
358 1244 544 1274 mouere
566 1228 825 1274 facilmente
846 1243 927 1286 per
948 1242 1073 1273 esser
1099 1228 1219 1273 della
1246 1227 1550 1284 Compagnia,
1584 1226 1678 1270 cosi
1702 1240 1780 1270 su-

137 1305 234 1350 bito
255 1307 362 1352 nelli
378 1306 603 1364 principij,
623 1321 674 1352 se
694 1320 942 1352 mouerano
959 1305 1234 1359 facilmente,
1259 1319 1390 1350 come
1412 1304 1450 1348 si
1473 1305 1605 1357 uede,
1631 1319 1657 1348 a
1680 1304 1780 1347 fon-

138 1384 247 1429 dare
283 1383 452 1441 collegi
486 1399 568 1442 per
595 1384 679 1428 soli
695 1382 849 1440 ‚quelli
877 1383 996 1429 della
1024 1382 1326 1440 Compagnia.
1361 1383 1525 1435 Padre,
1550 1381 1593 1426 io
1625 1396 1779 1438 repre—

135 1468 267 1506 sento
289 1469 467 1519 questo,
491 1462 742 1516 nonaltro,
767 1468 813 1507 et
834 1476 927 1506 non
950 1461 1140 1506 mouero
1161 1459 1483 1506 direttamente
1505 1466 1671 1516 questo
1700 1474 1782 1503 ne—

136 1539 263 1597 gotio
283 1539 383 1584 sino
405 1541 491 1584 che
512 1539 658 1597 prima
679 1538 846 1583 habbia
868 1538 998 1583 auiso
1018 1539 1138 1583 dalla
1161 1540 1215 1582 P.
1242 1539 1300 1583 V.

223 1617 267 1661 6.
332 1618 410 1662 Ho
428 1617 713 1662 comenciato
730 1632 756 1660 a
773 1617 950 1674 parlare
965 1631 1016 1661 se
1032 1615 1184 1660 alcuni
1201 1615 1396 1660 scholari
1413 1630 1502 1659 con
1518 1614 1781 1672 prouisione

136 1694 175 1739 si
191 1700 425 1752 potessero
445 1695 662 1740 mandare
678 1710 704 1738 a
725 1696 885 1748 Roma,
911 1701 958 1739 et
978 1709 1052 1738 me
1073 1709 1182 1751 pare
1203 1708 1314 1738 cosa
1329 1692 1593 1747 difficilima,
1613 1693 1781 1750 perche

137 1772 234 1817 cosi
255 1787 329 1818 me
349 1773 393 1817 lo
414 1772 537 1819 disse
558 1773 589 1816 il
611 1775 744 1818 Rmo.
771 1773 940 1830 legato,
967 1779 1013 1817 et
1035 1772 1132 1816 cosi
1154 1787 1228 1817 me
1254 1772 1298 1815 lo
1325 1773 1385 1815 ha
1407 1772 1534 1816 detto
1562 1771 1594 1814 il
1622 1772 1781 1815 lauba-

137 1864 274 1895 cense
294 1857 340 1895 et
361 1850 394 1894 il
415 1852 546 1895 Rmo.
571 1850 756 1895 nuncio:
789 1850 944 1895 niente
965 1850 1012 1893 di
1039 1864 1173 1895 meno
1202 1864 1295 1894 non
1322 1848 1513 1894 lasciaro
1541 1848 1587 1892 di
1615 1863 1782 1906 procu-

137 1927 287 1986 rar[lo]
304 1935 475 1984 quanto
491 1929 639 1985 potro,
660 1935 705 1974 et
726 1943 776 1974 se
793 1943 879 1972 con
896 1927 1157 1985 prouisione
1173 1927 1340 1972 alcuno
1361 1928 1531 1972 vedero
1547 1926 1586 1971 si
1603 1941 1630 1970 o
1647 1941 1782 1983 posso

135 2007 306 2050 hauere
326 2005 478 2050 alcuni
496 2005 700 2051 todeschi
718 2005 894 2064 buo[ni]
918 2006 932 2049 i
954 2005 1077 2062 quali
1093 2020 1228 2063 possa
1244 2020 1272 2049 0
1294 2005 1497 2049 condure
1520 2019 1547 2048 o
1564 2004 1780 2048 mandare

133 2098 160 2127 a
188 2084 332 2127 Roma
360 2084 393 2126 ⁵.
418 2083 454 2127 Il
482 2082 679 2140 Signore
701 2098 781 2140 per
803 2083 847 2126 la
868 2098 952 2127 sua
980 2082 1288 2128 misericordia
1315 2067 1492 2126 infinita
1516 2082 1557 2126 ci
1584 2080 1780 2126 consorti

132 2175 311 2218 sempre
331 2162 390 2206 de
410 2160 528 2206 bene
549 2160 596 2204 in
619 2160 787 2218 meglio
810 2162 929 2206 nella
950 2175 1033 2205 sua
1055 2167 1187 2205 santa
1208 2160 1357 2219 gratia
1373 2167 1419 2206 et
1435 2160 1574 2214 virtu,
1594 2159 1720 2205 accio
1735 2159 1779 2202 la

133 2252 216 2282 sua
237 2245 369 2282 santa
389 2239 574 2282 volonta
595 2238 818 2284 sentiamo
839 2239 1190 2296 perfettamente
1211 2245 1258 2284 et
1279 2238 1566 2296 adimpiamo.

222 2315 282 2360 Di
304 2317 504 2373 Agusta‚
530 2316 558 2359 6
580 2317 639 2361 de
660 2316 821 2373 Aprile
848 2326 978 2372 1555.

222 2394 281 2437 In
302 2397 470 2451 quarta
485 2394 670 2451 pagina
692 2393 800 2436 haec
822 2397 1000 2436 tantum
1023 2394 1263 2450 inscriptio
1272 2396 1424 2451 posita
1441 2398 1520 2438 est:
1542 2395 1773 2449 Augusta.

141 2481 213 2526 55.
237 2471 326 2516 Del
354 2473 405 2515 P.
440 2471 592 2516 Natal.
663 2531 668 2536 .

211 2689 220 2709 ¹
271 2687 362 2733 Ms.‚
381 2687 679 2734 depaptionem.

205 2749 220 2769 ²
270 2746 342 2782 Est
358 2745 422 2782 hic
442 2758 562 2782 unum
580 2747 746 2782 verbum
766 2751 845 2782 tam
863 2745 1027 2782 confuse
1046 2751 1263 2793 exaratum,
1284 2752 1327 2783 ut
1345 2746 1441 2782 illud
1460 2747 1592 2792 legere
1618 2755 1694 2780 non
1715 2756 1780 2791 pc-

135 2805 341 2842 tuerimus.

205 2866 220 2886 ³
269 2865 342 2910 Ita,
370 2865 630 2912 incomposite
654 2865 863 2901 admodum
889 2869 971 2901 tota
994 2866 1091 2902 haec
1115 2867 1379 2913 paragraphus
1404 2864 1548 2911 scripta
1572 2869 1646 2900 est.
1674 2863 1780 2910 Quid

131 2929 265 2960 tamen
282 2929 419 2961 auctor
437 2924 628 2972 epistolae
646 2924 778 2961 dicere
795 2924 965 2961 voluerit
989 2924 1197 2973 perspicue
1215 2931 1338 2973 patet,
1358 2924 1523 2961 scilicet:
1543 2924 1712 2959 selectos
1731 2935 1779 2958 ex

135 2983 348 3020 Germania
361 2984 546 3031 juvenes,
565 2985 633 3032 qui
650 2983 880 3032 pensionem
898 2984 1067 3031 collegio
1078 2985 1310 3031 'germanico
1328 2986 1483 3021 solvere
1507 2982 1670 3030 possint,
1690 2982 1723 3018 si
1741 2982 1780 3018 id

136 3043 222 3079 fieri
240 3045 383 3090 valeat,
403 3045 467 3080 vel
486 3045 650 3080 Romam
673 3056 808 3081 secum
832 3044 1027 3081 adducere
1047 3046 1131 3081 ·vel·
1146 3057 1194 3081 eo
1223 3044 1474 3093 praemittere
1497 3055 1540 3078 se
1570 3042 1780 3088 diligenter

139 3107 377 3139 curaturum.
