2066 3490
842 300 865 337 7
891 292 994 335 MAJ1
1012 301 1116 338 .1549
1152 311 1156 315 ·
1758 303 1805 342 57

140 394 372 450 procurai
391 404 475 437 con
494 394 537 437 el
557 395 711 452 fauor
732 394 894 436 diuino
915 408 971 437 co
995 394 1029 437 'l
1047 393 1220 437 vicario
1258 395 1269 417 ¹
1304 394 1368 438 dil
1398 398 1704 440 arcevescobo
1736 398 1805 441 fe-

153 484 279 514 cesse
299 469 482 518 intimar
502 471 518 492 ³
543 471 590 513 la
611 470 795 527 publica
825 470 1092 527 procesione
1119 485 1200 528 per
1231 471 1296 528 gli
1324 472 1589 517 monastieri
1620 482 1667 517 et
1695 488 1808 517 con-

154 548 279 592 uenti
301 547 347 590 di
369 547 494 597 fratti
514 538 562 591 ez}¹
575 562 664 592 con
685 549 837 591 vando
859 549 974 592 fatto
995 563 1076 606 per
1097 548 1162 605 gli
1184 548 1360 606 signori
1383 549 1573 606 giuratti
1591 565 1670 607 per
1687 558 1807 595 tutta

152 626 200 669 la
220 632 355 669 terra.
748 635 753 638 '
924 635 927 637 “

246 715 288 746 2.
354 702 443 747 Νοί
464 704 665 747 anchora
686 703 896 751 fecesimo
923 703 1163 761 diligentia
1190 706 1289 748 che·
1305 703 1351 748 ui
1382 704 1422 748 si
1454 705 1710 749 trobassino
1740 706 1806 764 gli

149 779 316 824 scolari
337 794 458 823 ouon
480 780 635 824 buono
657 780 848 843 hordine
869 788 915 825 et
937 796 1055 838 gran
1075 788 1205 838 parte
1226 781 1272 824 di
1294 781 1384 826 essi
1406 788 1453 825 et
1474 782 1532 826 de
1553 782 1584 825 li
1613 782 1693 839 pisi
1720 798 1805 827 no-

152 857 252 911 bili,
275 861 317 901 et
337 857 501 901 vestite
522 857 569 901 di
590 872 703 915 cape
724 858 774 901 di
791 859 922 917 festa
938 861 1024 902 che
1039 874 1184 902 vsano
1198 859 1242 903 le
1257 859 1586 903 confraternita
1602 861 1636 912 ³,
1656 867 1702 903 et
1718 874 1806 904 con

151 950 237 997 sna
260 935 402 979 torcia
423 934 470 978 in
491 950 644 990 mano,
669 942 715 979 et
731 935 884 980 alcuni
901 936 1007 979 delli
1022 936 1252 994 maggiori
1268 944 1315 980 et
1330 935 1567 993 principali
1584 938 1806 993 portando

152 1013 198 1056 la
217 1013 328 1057 bara
349 1015 392 1056 et
407 1014 483 1071 gli
499 1014 687 1070 giurati
708 1013 844 1056 tenda
865 1013 1049 1070 disopra
1071 1014 1087 1035 ⁴
1110 1021 1271 1058 ornata
1297 1014 1438 1057 molto
1467 1013 1729 1067 ricamente,
1761 1021 1807 1058 et

152 1090 419 1146 partendoci
441 1090 567 1134 duna
587 1090 743 1134 chiesa
763 1090 986 1147 prossima
1007 1092 1095 1134 alla
1116 1076 1247 1148 porta
1273 1091 1394 1135 della
1420 1089 1532 1134 eitta
1554 1092 1569 1113 ⁵
1603 1095 1644 1133 et
1670 1092 1807 1135 molto

151 1168 344 1211 discosto
365 1169 419 1212 de
440 1169 534 1212 8.ΐο
564 1169 728 1216 Nicola
755 1171 925 1222 nostro,
955 1169 1068 1212 done
1099 1169 1265 1212 furono
1298 1169 1516 1212 eondotte
1546 1169 1590 1211 16
1620 1168 1808 1224 reliquie

157 1246 363 1301 predette
385 1260 473 1290 con
494 1245 800 1303 grandissimo
821 1248 996 1290 honore
1017 1247 1033 1269 ⁶
1050 1279 1060 1299 ,
1086 1253 1132 1290 et
1160 1245 1407 1289 bellissima
1434 1245 1708 1303 compagnia
1734 1246 1809 1290 del

153 1323 281 1367 clero
302 1331 348 1367 et
369 1324 444 1368 del
465 1323 657 1381 populo,¹
676 1339 759 1366 con
781 1324 819 1367 le
834 1329 1031 1380 persone
1046 1324 1332 1380 princz'palli,
1362 1324 1454 1367 cioe
1482 1323 1513 1366 il
1540 1323 1727 1376 vicario,
1763 1330 1809 1367 et

154 1400 346 1458 giuratti
359 1435 369 1454 ,
409 1408 455 1445 et
492 1401 595 1446 altri
631 1400 774 1446 nobili
814 1404 827 1423 ⁷
866 1416 948 1444 con
986 1402 1025 1444 le
1062 1401 1279 1445 tronbette
1315 1404 1358 1444 et
1390 1402 1515 1444 canti
1550 1401 1600 1444 di
1636 1401 1809 1444 mussi-

154 1493 231 1532 ca,
253 1485 342 1525 ete.

250 1570 290 1612 3.
358 1557 406 1600 Io
427 1556 550 1600 disse
570 1557 839 1611 solamente,
864 1572 945 1614 per
967 1559 1106 1601 esser'
1131 1558 1161 1600 l’
1180 1558 1294 1600 hora
1316 1557 1462 1610 tarda,
1481 1557 1526 1599 13
1546 1557 1643 1599 mia
1664 1570 1813 1599 messa

104 1644 106 1647 ’
157 1635 210 1677 in
230 1634 324 1677 S.t0
354 1635 526 1687 Nic-olo,
548 1634 801 1678 differendo
822 1635 866 1679 la
886 1635 1070 1692 predica
1092 1650 1172 1692 per
1193 1636 1344 1691 doppo
1366 1634 1397 1677 il
1418 1633 1696 1691 manggiar’,
1721 1648 1748 1676 a
1768 1633 1812 1675 la

152 1712 292 1768 quale
313 1711 350 1755 si
372 1711 664 1756 ritrouorono
686 1714 702 1735 ⁸
725 1711 932 1755 huomini
954 1719 1000 1756 et
1021 1713 1175 1756 donne
1199 1714 1249 1755 in
1269 1712 1458 1770 grande
1480 1725 1687 1764 numero,
1705 1717 1752 1754 et
1767 1709 1812 1753 io

158 1796 307 1846 tratay
328 1804 394 1834 DE
416 1803 763 1834 VENERATIONE
786 1804 846 1833 ΕΤ
871 1804 1206 1835 INUOCATIONE
1231 1803 1524 1834 SANCTORUM
1549 1790 1564 1811 ⁹
1591 1788 1812 1831 chatholi-

153 1871 372 1920 camente,
394 1882 486 1911 con
508 1867 650 1910 molta
670 1866 959 1911 edificatione
980 1874 1027 1911 et
1046 1867 1280 1911 divotione
1301 1867 1416 1920 loro,
1448 1880 1579 1910 come
1610 1865 1649 1909 si
1678 1865 1811 1918 uede,

155 1952 205 1989 et
227 1959 315 1988 con
335 1951 499 2001 questo
521 1944 587 2002 gli
615 1943 835 2001 protestai
864 1934 1004 1988 come·
1025 1959 1118 1988 non
1150 1943 1463 2001 pretendiamo
1494 1958 1554 1988 ne
1584 1942 1816 2000 vogliamo

156 2022 435 2074 eleemosine
465 2022 645 2074 alcune‚
677 2023 736 2066 ne
764 2037 846 2079 per
877 2021 1082 2078 reliquie,
1117 2023 1280 2079 ne'per
1312 2021 1378 2079 gli
1408 2020 1650 2065 ministerii
1682 2018 1816 2077 spiri—

160 2099 291 2153 tuali,
315 2106 424 2153 etc.,
449 2100 649 2143 secondo
670 2100 700 2142 1’
722 2114 892 2143 usanza
907 2099 1026 2142 della
1041 2099 1342 2157 Compagnia,
1363 2114 1438 2142 ma
1453 2100 1538 2142 che
1555 2105 1675 2142 tutta
1691 2098 1721 2140 l’
1741 2096 1814 2140 in—

162 2177 365 2221 tentione
385 2184 543 2220 nostra
567 2177 600 2199 ¹⁰
623 2178 650 2220 6
671 2176 887 2234 aggiutar
907 2177 950 2220 16
972 2176 1121 2220 anime
1142 2177 1186 2220 al
1206 2176 1421 2234 possibile
1442 2183 1616 2220 nostro.

237 2401 248 2422 ¹
299 2400 440 2435 Petrus
460 2398 665 2445 Ansaloni,
682 2398 732 2434 de
750 2409 841 2446 quo,
861 2398 901 2433 in
923 2398 1017 2433 Litt.
1040 2398 1279 2443 Quadrim„
1299 2399 1332 2444 Ι,
1355 2407 1437 2444 152,
1454 2397 1542 2443 478,
1560 2397 1644 2442 640.

234 2462 248 2482 ²
298 2460 506 2506 POLANC.,
524 2460 561 2494 si
570 2459 661 2506 fece
679 2459 869 2494 intimar.

235 2520 250 2541 ⁵
298 2520 505 2562 POLANC.,
542 2519 676 2554 ueniti
708 2519 753 2554 di
786 2522 889 2554 certe
922 2521 1018 2565 cape
1053 2519 1118 2553 che
1151 2530 1276 2554 vsano
1307 2518 1342 2554 le
1375 2517 1678 2565 confraternita
1712 2515 1815 2550 nelle

155 2579 277 2627 feste.

235 2640 251 2661 ⁴
298 2639 506 2684 POLANC.,
531 2639 760 2686 principali
789 2638 899 2673 della
925 2638 1023 2673 citici
1043 2638 1250 2684 portando
1275 2638 1313 2673 le
1338 2638 1432 2672 bare
1463 2637 1528 2672 del
1558 2635 1815 2675 valdachino,

163 2699 285 2745 quale
301 2710 374 2734 era
391 2699 558 2746 disopra
575 2701 767 2734 ornato...

238 2760 253 2780 ⁵
302 2769 358 2793 sc.
378 2770 429 2793 ex
445 2757 521 2793 Sti.
542 2757 704 2805 Joannis
722 2757 924 2805 Baptistae
943 2758 1104 2804 templo.

236 2819 251 2840 ⁶
301 2818 506 2863 POLANC.‚
525 2818 612 2853 alla
629 2819 760 2854 chiesa
777 2819 842 2853 del
859 2821 996 2853 nostro
1014 2818 1184 2866 collegio
1202 2830 1275 2853 con
1292 2818 1419 2853 molta
1442 2816 1702 2852 solemnitd...

237 2880 251 2900 ⁷
301 2878 491 2914 POLANC.
505 2907 514 2925 ,
549 2879 727 2914 venendo
761 2879 793 2913 il
826 2879 982 2914 vicario
1016 2880 1053 2913 et
1084 2879 1251 2926 giurati
1284 2881 1321 2914 et
1346 2879 1413 2926 gli
1445 2878 1549 2912 altri
1578 2876 1703 2911 nobili
1736 2876 1818 2911 del-

165 2936 210 2972 la
223 2938 335 2973 citici.
846 2941 850 2945 '

237 2998 252 3019 ³
302 2998 508 3042 POLANC.‚
525 2999 563 3033 si
578 2998 738 3034 ritroud
753 2999 916 3046 grande
934 2998 1143 3034 auditorio
1161 2999 1210 3034 de
1227 2998 1459 3033 huomini...

238 3059 253 3078 ⁹
302 3058 508 3102 POLANC.‚
526 3059 574 3093 de
592 3059 635 3093 la
648 3059 908 3094 veneratione
925 3060 962 3093 et
980 3058 1237 3094 inuocatione
1254 3059 1302 3093 de
1323 3057 1477 3092 santi...

227 3119 258 3139 ¹⁰
307 3118 512 3162 POLANC„
532 3119 686 3154 intento
708 3122 888 3153 nostro...
1360 3119 1363 3123 '
