2028 3484
816 283 859 321 19
886 275 994 322 JULu
1023 282 1114 320 1555
1716 273 1784 319 315

229 379 286 423 V.
313 381 365 423 P.
391 378 453 422 mi
474 378 681 436 perdoni:
709 377 817 422 forsi
844 377 947 422 dico
969 393 996 421 a
1018 379 1076 422 V.
1103 379 1158 422 R.
1186 380 1239 422 P.
1277 380 1428 435 quello
1460 381 1546 424 che
1577 394 1669 423 non
1699 379 1782 423 do—

138 470 269 501 ueua„
295 457 331 500 Il
352 456 522 513 Signor
542 471 624 513 per
643 471 728 500 sua
748 454 1058 500 misericordia
1079 454 1258 500 infinita
1278 455 1320 500 ci
1341 456 1417 500 dia
1438 472 1465 500 a
1482 456 1588 500 tutti
1605 471 1784 513 sempre

139 534 334 579 crescer’
356 534 476 578 nella
496 548 581 578 sua
602 540 733 577 santa
754 532 903 590 gratia
924 539 971 577 et
992 531 1130 586 virttx,
1155 532 1282 577 accio
1304 534 1347 577 la
1369 534 1557 578 volunta
1577 548 1661 582 sua
1675 549 1782 577 san-

140 610 312 655 tissima
333 626 511 668 sempre
531 610 755 656 sentiamo
776 618 823 656 et
844 609 1162 655 intieramente
1186 610 1420 654 sacciamo.

225 687 286 733 Di
309 687 520 742 Venetia,
545 687 611 734 sei
633 687 680 732 di
703 687 870 745 Luglio
891 688 966 732 del
989 697 1061 742 55.

776 766 848 811 De
869 766 928 809 V.
956 767 1010 808 Ρ.
1036 778 1173 809 seruo
1195 781 1254 810 en
1276 767 1417 822 Xpo.,

1345 844 1533 888 NADAL.

222 923 468 978 Inscriptio
484 923 536 966 in
552 925 707 966 octava
719 923 922 980 pagina:
938 922 968 980 †
985 923 1047 966 Al
1063 923 1203 966 molto
1221 923 1332 966 Rdo.
1353 921 1401 965 in
1419 922 1604 967 Christo
1628 923 1778 968 Padre

133 998 164 1042 il
189 1001 242 1043 P.
268 1001 332 1044 M.
358 999 554 1057 Ignatio,
580 1006 689 1053 etc.,
715 1000 763 1043 in
780 1001 938 1044 Roma.

221 1077 330 1120 Alia
366 1091 525 1120 manu:
568 1088 695 1132 1555.
736 1077 950 1135 Vinegia.
990 1078 1078 1123 Del
1117 1079 1199 1122 Re
1234 1078 1397 1122 Nadal.
1424 1077 1468 1121 '6
1504 1077 1551 1121 di
1588 1078 1770 1135 Luglio.

133 1155 235 1198 R.ta
261 1154 336 1198 alli
365 1168 412 1199 11
438 1155 513 1200 del
534 1155 798 1200 medesimo.

231 1233 485 1290 Vestigium
506 1247 637 1277 cerae
658 1233 829 1277 rubrae
850 1234 1015 1291 sigilli.

915 1452 994 1493 ⁷9

569 1564 623 1606 P.
657 1562 1074 1607 HIERONYMUS
1107 1562 1327 1606 NADAL

480 1668 722 1707 SANCTO
762 1668 1026 1707 IGNATIO
1063 1670 1140 1705 DE
1181 1667 1426 1707 LOYOLA

650 1770 843 1825 Patavii,
876 1784 927 1829 19
943 1770 1054 1830 Julii
1082 1781 1191 1826 1555
1219 1771 1246 1814 ¹.

126 1894 160 1920 1.
181 1885 378 1921 Animum
395 1897 515 1921 suum
533 1886 643 1922 circa
660 1885 822 1921 itineris
835 1885 1020 1921 ordinem
1029 1885 1325 1932 proponit.—2.
1342 1885 1404 1921 De
1417 1885 1599 1921 alumnis
1612 1897 1660 1921 ex
1678 1885 1775 1921 Ger-

196 1944 339 1979 mania
356 1944 530 1979 Romam
548 1944 899 1989 mittendis.—3-5.
919 1944 981 1979 De
1000 1943 1173 1986 ratione,
1192 1954 1315 1990 quam
1339 1943 1384 1979 in
1407 1943 1591 1991 collegiis
1606 1944 1774 1980 visitan-

195 2004 258 2039 dis
274 2004 482 2040 tenet.—6.
503 2004 620 2049 Quas
636 1997 803 2052 regulas
821 2002 907 2039 illis
923 2003 1151 2049 reliquerit,
1176 2005 1213 2039 et
1230 2014 1307 2049 quo
1329 2005 1448 2050 pacto
1472 2015 1540 2039 eas
1562 2004 1749 2039 conciunt
1761 2024 1775 2029 -

193 2065 461 2109 verit.——7-I2.
489 2064 616 2100 Varia
634 2064 681 2099 de
699 2063 917 2099 domestica
930 2063 1274 2110 disciplina.—13.
1300 2062 1411 2098 Ordo
1430 2063 1605 2099 itineris.

925 2147 955 2205 †

217 2246 314 2289 Pax
337 2243 416 2288 X.i

217 2334 254 2365 1.
317 2322 486 2375 Padre,
515 2323 575 2367 he
602 2321 837 2366 rescebido
864 2323 956 2378 hoy
983 2321 1050 2364 las
1078 2321 1136 2365 de
1164 2322 1220 2365 V.
1265 2323 1318 2365 Ρ.
1355 2322 1412 2366 de
1455 2334 1523 2377 13,
1564 2337 1593 2378 y
1631 2336 1767 2365 como

120 2399 300 2454 manda,
324 2399 492 2443 dexare
513 2398 700 2442 l’animo
721 2399 779 2443 de
812 2405 966 2441 tornar
994 2402 1021 2441 a
1047 2397 1296 2443 Germania
1317 2402 1344 2442 ό
1372 2399 1589 2456 scrt'qulo
1617 2399 1676 2444 de
1708 2413 1767 2441 no

121 2478 264 2522 hauer
284 2476 495 2533 quedado
516 2477 550 2530 ²,
574 2491 604 2533 y
627 2474 854 2519 caminate
875 2489 963 2519 con
985 2474 1140 2532 gracia
1160 2475 1235 2520 del
1257 2476 1404 2521 Sefior
1426 2490 1510 2533 por
1531 2476 1602 2519 los
1624 2476 1767 2520 colle—

122 2633 188 2668 11.i
214 2631 396 2668 nocturni
411 2633 509 2668 haec
521 2633 654 2668 habet:
673 2645 740 2668 «...
758 2636 800 2667 ut
815 2636 1001 2668 constans
1014 2630 1134 2667 fuerit
1149 2631 1324 2667 omnium
1340 2643 1495 2677 sensus,
1511 2631 1629 2667 etiam
1643 2631 1769 2678 ponti-

119 2691 207 2728 ficio
219 2691 471 2728 confirmatus
485 2693 657 2738 oraculo,
673 2693 803 2728 Deum
815 2692 919 2728 sicut
931 2691 1030 2727 alios
1043 2691 1130 2727 aliis
1145 2691 1388 2739 temporibus
1402 2697 1559 2727 sanctos
1578 2691 1697 2736 viros,
1714 2691 1768 2726 ita

119 2752 306 2798 Luthem,
324 2752 581 2800 ejusdemque
601 2752 788 2799 temporis
806 2751 1032 2797 haereticis,
1051 2751 1250 2797 Ignatium
1268 2756 1310 2787 et
1327 2751 1547 2787 institutam
1566 2751 1615 2786 ab
1634 2762 1681 2786 eo
1699 2750 1768 2786 So-

116 2813 302 2849 cietatem
319 2812 555 2860 objecisse.»

189 2875 199 2896 ¹
250 2874 309 2909 Ex
327 2874 583 2920 autographo,
603 2873 643 2908 in
662 2873 793 2919 Epist.
813 2872 970 2914 Natal„
989 2873 1021 2918 Ι,
1041 2871 1184 2919 triplici
1198 2871 1266 2907 fol.
1282 2872 1328 2907 26
1342 2870 1442 2917 (134,
1463 2869 1557 2916 135).
1579 2871 1685 2907 Usus
1704 2876 1765 2906 est

112 2934 184 2969 hac
202 2933 369 2980 epistola
388 2933 432 2968 Ρ.
452 2933 671 2974 POLANCO,
695 2931 862 2974 Chron.‚
885 2932 934 2977 V,
965 2931 1044 2976 165.

183 2996 197 3016 ²
248 2992 324 3029 Die
342 2993 365 3028 6
382 2992 478 3039 Julii
496 2993 540 3028 P.
559 2993 745 3037 Polanco,
765 3003 815 3027 ex
839 2991 1136 3038 commissione,
1161 2992 1258 3027 haec
1282 2991 1384 3027 inter
1409 2991 1483 3026 alia
1507 2989 1612 3026 Patri
1638 2989 1762 3025 Nadal

114 3052 325 3089 scribebat:
346 3053 439 3089 licet
456 3052 598 3088 summi
616 3051 812 3099 pontificis
831 3057 871 3088 et
890 3052 934 3087 P.
954 3051 1098 3098 Ignatii
1116 3063 1227 3088 mens
1245 3058 1353 3088 esset
1372 3057 1414 3086 ut
1434 3051 1472 3086 in
1487 3049 1698 3086 Germania
1713 3049 1762 3084 ad
1807 3062 1813 3066 ·

116 3110 330 3151 Octobrem
348 3123 472 3161 usque
491 3111 664 3160 sisteret,
683 3123 772 3147 cum
786 3110 867 3161 jam
885 3110 933 3149 ad
951 3111 1104 3150 Italiam
1127 3111 1375 3156 advenisset,
1402 3122 1479 3145 non
1504 3108 1691 3157 expedire
1717 3114 1760 3152 ut
