2066 3490
277 264 327 310 46
731 292 735 297 .
867 267 1007 302 EPJST.
1035 266 1080 301 P.
1108 262 1334 300 Naxon—3

279 368 396 412 fuori
417 368 536 412 della
558 369 881 414 terra.»—<‹Se
902 369 996 412 cosi
1019 369 1060 421 e,
1085 367 1207 411 disse
1224 367 1255 410 il
1271 381 1543 423 eompagno,
1569 370 1610 409 et
1630 367 1926 410 moriendum'

274 446 348 498 sit,
371 446 589 490 moriamo
611 446 689 503 piu
718 453 838 490 tosto
860 446 1073 490 andando
1102 445 1254 488 inanzi
1281 445 1480 488 secondo
1501 445 1533 486 l'
1557 443 1759 487 indrizzo
1781 450 1828 488 et
1847 443 1923 487 in-

276 523 480 567 tentione
500 524 620 568 della
640 531 772 568 santa
802 523 1039 567 vbidienza
1060 524 1147 567 che
1174 523 1216 566 ci
1242 524 1302 566 ha
1330 520 1577 564 mandati.»
1610 521 1718 564 Cosi
1746 520 1921 565 uscimo

273 615 412 645 senza
432 602 569 645 alcun
589 602 742 645 danno
762 616 844 658 per
866 602 909 645 la
935 600 1091 644 diuina
1119 599 1409 657 protettione.

367 681 455 722 Per
477 679 519 722 la
540 679 693 723 strada
713 668 989 723 dimandaua
1009 678 1040 720 il
1064 680 1117 721 P.
1144 674 1363 721 Natale..'.
1394 677 1423 719 ¹.

1072 897 1114 939 3

727 1009 780 1052 Ρ.
808 1007 1223 1052 HIERONYMUS
1250 1006 1471 1050 NADAL

810 1127 860 1151 ex
877 1113 1152 1150 commissione
1171 1114 1212 1149 S.
1232 1112 1378 1159 Ignatii

511 1212 556 1246 B.
576 1208 795 1248 CANISIO
812 1210 1053 1257 EJUSQUE
1072 1209 1242 1247 SOCIIS
1260 1208 1688 1251 COLONIENSIBUS
1746 1234 1751 1245 1

771 1309 963 1360 Romae,
1005 1319 1030 1350 2
1062 1305 1189 1364 Junii
1232 1307 1345 1361 1546
1382 1306 1416 1349 ³.

275 1422 324 1457 In
341 1423 436 1458 haec
457 1421 639 1469 epistola,
666 1420 716 1455 P.
741 1418 892 1462 Nadal,
921 1420 961 1455 S.
987 1420 1147 1468 Ignatii
1169 1420 1347 1462 nomine,
1370 1418 1583 1455 Canisium
1600 1418 1763 1466 ejusque
1779 1419 1917 1461 socios,

349 1481 605 1518 Leonardum
623 1480 761 1516 Kessel
778 1483 815 1515 et
832 1480 1091 1515 Everardum
1113 1479 1413 1525 Questenburch
1435 1480 1464 1521 ³,
1489 1480 1546 1515 ad
1567 1479 1729 1515 vineam
1748 1478 1921 1514 Domini

344 1531 526 1576 alaerius
550 1540 595 1575 in
613 1539 697 1575 dies
713 1540 968 1575 excolendam
987 1540 1246 1581 adhortatur,
1265 1551 1313 1574 ac
1335 1539 1383 1574 de
1401 1538 1517 1574 rebus
1542 1538 1765 1580 Societatis,
1785 1539 1833 1574 de
1850 1550 1919 1574 no-

344 1601 405 1636 vis
422 1599 601 1648 collegiis
618 1600 757 1635 erectis
774 1599 837 1635 vel
855 1600 1077 1647 erigendis,
1096 1600 1220 1645 deque
1244 1599 1440 1634 Patribus
1465 1598 1624 1646 Laynez'
1640 1600 1678 1634 et
1702 1598 1918 1634 Salmeron

344 1660 399 1695 ad
415 1659 631 1695 concilium
650 1659 921 1695 tridentinum
941 1659 1074 1694 missis
1091 1659 1302 1695 certiorem
1312 1658 1424 1706 facit
1441 1660 1471 1694 ⁴.

344 1794 356 1814 ¹
406 1792 480 1838 Ita,
499 1791 700 1839 inexpleto
718 1802 852 1837 sensu,
872 1796 913 1826 et
930 1790 1152 1826 narratione
1170 1796 1347 1826 actorum
1365 1790 1410 1826 P.
1429 1790 1554 1826 Nadal
1579 1789 1830 1837 imperfecta,
1848 1800 1916 1825 ex-

270 1851 382 1899 plicit
398 1851 720 1887 commentarium
737 1851 781 1886 P.
802 1850 994 1897 Jimenez.

341 1913 355 1933 ²
405 1913 464 1947 Ex
478 1912 838 1961 BRAUNSBERGER,
856 1909 1015 1946 canisii
1027 1911 1158 1958 epist„
1173 1912 1206 1957 Ι,
1225 1910 1393 1957 188-192.
1411 1908 1682 1958 Archetypum
1699 1910 1914 1957 exemplar,

269 1971 374 2006 unde
392 1971 492 2023 hanc
509 1970 715 2018 epistolam
738 1970 981 2017 deprompsit
1004 1971 1048 2005 P.
1073 1971 1434 2017 BRAUNSBERGER,
1458 1971 1582 2006 habes
1599 1970 1640 2006 in
1663 1970 1761 2007 Cod.
1785 1970 1912 2005 colon.

269 2030 389 2067 «Litt.
408 2030 552 2078 Epistt.
572 2042 679 2066 var.»
697 2030 725 2065 f.
744 2030 800 2065 XI
820 2032 863 2065 ¹¹.

340 2092 355 2112 ³
406 2090 468 2127 Cf.
488 2092 847 2137 BRAUNSBERGER,
864 2091 938 2126 loc.
958 2090 1043 2137 cit.,
1066 2102 1157 2138 pag.
1180 2090 1262 2137 188,
1280 2095 1413 2126 annot.
1428 2099 1468 2126 '22

340 2152 356 2172 ⁴
405 2149 533 2197 Hujus
551 2149 741 2197 epistolae
758 2155 1032 2195 argumentum
1050 2149 1225 2186 breviter
1241 2149 1305 2185 hic
1322 2149 1502 2196 attigisse
1520 2149 1703 2196 sufficiat,
1721 2161 1794 2185 nec
1808 2149 1913 2185 enim

267 2222 412 2257 operae
438 2209 608 2257 pretium
631 2209 760 2245 visum
784 2215 845 2245 est
869 2221 955 2245 eam
979 2209 1107 2245 denuo
1133 2209 1239 2257 typis
1263 2210 1464 2257 mandare,
1489 2215 1573 2246 tum
1595 2209 1688 2257 quia
1709 2209 1840 2257 potius
1864 2208 1913 2245 ad

269 2270 310 2305 S.
339 2270 536 2317 Ignatium
560 2281 677 2317 quam
704 2269 753 2304 ad
776 2269 900 2305 Nadal
919 2269 1105 2316 pertinet,
1130 2275 1214 2306 tum
1238 2269 1330 2317 quia
1353 2269 1415 2306 bis
1439 2271 1579 2306 saltem
1603 2269 1681 2305 iam
1705 2268 1810 2305 edita
1833 2275 1909 2316 est;

266 2342 372 2377 nam,
391 2334 547 2377 praeter
563 2330 644 2364 P.m
662 2330 1021 2375 BRAUNSBERGER,
1040 2330 1113 2365 loc.
1132 2328 1216 2376 cit.,
1236 2341 1322 2365 eam
1340 2329 1464 2365 edidit
1481 2330 1701 2376 JOSEPHUS
1714 2329 1911 2376 HANSEN,

266 2389 308 2425 in
325 2390 558 2426 Rheinische
574 2390 719 2431 Akten,
738 2399 827 2435 pag.
847 2388 969 2434 53-55.
989 2389 1090 2424 Illud
1107 2400 1184 2425 non
1198 2391 1269 2425 abs
1281 2401 1325 2425 re
1338 2389 1415 2426 erit
1425 2389 1489 2425 hie
1501 2389 1702 2436 adnotare,
1716 2400 1772 2424 so.
1787 2393 1911 2439 totam

266 2449 472 2497 epistolam
490 2461 512 2484 a
529 2449 574 2484 P.
594 2448 717 2484 Nadal
735 2447 893 2496 quidem
916 2450 1159 2485 lucubratam
1182 2449 1323 2496 fuisse,
1346 2461 1425 2485 non
1449 2460 1543 2486 vero
1566 2449 1652 2496 ejus
1675 2461 1793 2487 manu
1815 2448 1910 2486 scri-

266 2515 389 2557 ptam,
412 2508 590 2557 exceptis
613 2508 761 2545 ultimis
784 2508 932 2555 verbis,
955 2508 996 2544 in
1019 2508 1162 2556 quibus
1185 2510 1270 2557 ipse
1294 2521 1365 2546 sua
1389 2521 1506 2546 manu
1528 2510 1626 2551 haec
1649 2509 1800 2546 scribit:
1826 2511 1909 2546 «Ex
1932 2509 1934 2511 ’

263 2569 540 2606 commissione
563 2567 787 2605 Reuerendi
815 2564 942 2604 Patris
966 2569 1144 2615 Magistri
1167 2569 1312 2616 Ignatii
1334 2570 1600 2618 Hieronymus
1624 2569 1777 2606 Natalis
1799 2569 1909 2606 noui·

264 2630 344 2665 tius
358 2629 542 2676 indignus
554 2628 763 2665 Societatis
778 2629 913 2675 Jesu.»
928 2629 1014 2664 Hoc
1025 2640 1118 2664 vero
1131 2635 1286 2666 constat
1299 2642 1348 2666 ex
1361 2629 1429 2666 cit.
1444 2635 1619 2677 auctore,
1629 2629 1696 2677 qui
1707 2629 1763 2666 ait
1776 2641 1908 2666 exem-

263 2690 348 2736 plar
376 2690 634 2736 archetypum
662 2687 852 2735 scriptum
881 2689 930 2723 ab
961 2687 1110 2734 ignot03
1142 2689 1300 2725 ultimos
1330 2689 1430 2726 duos
1452 2701 1591 2726 versus
1620 2688 1907 2737 Hieronymum

263 2749 389 2785 Nadal
408 2749 605 2796 scripsise.
