2066 3490
761 280 804 316 18
831 281 1079 317 DECEMBms
1110 281 1201 326 1548
1759 275 1805 330 55

153 384 282 427 detto
308 384 318 405 ¹
351 384 412 427 ha
438 383 672 440 predicato
699 382 748 425 in
776 383 971 439 qualche
998 382 1275 426 monasterio
1303 384 1444 427 molto
1471 385 1617 438 bene,
1649 393 1695 429 et
1727 387 1805 430 Isi-

153 461 266 504 doro
288 461 303 482 ³
332 460 380 503 in
402 461 532 503 altro.
574 459 811 517 Speriamo
847 460 894 502 d’
924 459 1036 517 ogni
1063 467 1193 516 parte
1219 460 1258 503 si
1288 461 1384 504 fara
1412 461 1530 504 assai
1558 463 1700 505 frutto
1727 477 1807 519 per

152 539 293 581 bonta
322 538 370 580 d’
401 537 544 590 Iddio,
577 539 664 581 che
690 537 759 580 sia
789 538 835 580 d’
860 536 973 594 ogni
996 551 1104 580 cosa
1125 539 1211 580 che
1240 538 1285 580 fa
1306 552 1486 594 sempre
1514 538 1799 596 ringratiato.

240 626 285 669 4.
351 614 446 670 Qui
467 629 561 658 non
582 621 713 658 sente
734 613 924 671 parlarsi
945 629 997 658 se
1017 628 1111 658 non
1139 613 1186 657 di
1213 614 1491 658 confessioni
1514 616 1739 672 generali,
1777 632 1804 660 o

153 691 397 747 frequenti,
422 691 722 735 riformationi
743 691 790 735 di
812 692 923 746 uita,
949 690 1315 735 communicarse
1330 706 1488 748 spesso
1509 699 1556 736 et
1577 693 1679 736 altri
1700 694 1804 750 gio-

153 769 353 813 uamenti
375 769 615 826 spirituali,
641 784 771 814 corne
792 769 1025 826 prediche‚
1050 768 1245 823 lettioni,
1265 768 1470 826 consegli
1487 777 1533 813 et
1554 784 1802 814 conuersa.-

150 845 278 901 tioni3
303 854 350 890 et
371 846 403 889 il
424 846 504 903 piu
525 854 897 890 communmente
917 861 1198 890 concorreno
1226 847 1285 890 da
1312 845 1389 890 noi
1418 861 1613 903 persone
1638 848 1696 891 de
1722 848 1802 891 dui

145 923 345 976 estremi,
370 923 469 968 cioe
490 924 631 967 molto
652 925 821 978 buone,
846 938 988 968 ouero
1015 925 1156 968 molto
1178 923 1340 968 suiate.
1376 925 1464 968 Per
1488 923 1523 968 il
1550 932 1736 981 passato
1758 926 1802 968 la

146 1001 386 1045 domenica
405 1008 589 1058 passata
610 1001 648 1045 si
671 1001 1073 1046 communicorono
1089 1002 1154 1044 fin
1170 1016 1198 1045 a
1213 1014 1272 1056 40
1294 1015 1382 1045 con
1398 1002 1540 1045 molta
1555 1002 1802 1047 deuotione

113 1104 116 1106 >
147 1085 194 1123 et
215 1078 504 1123 edificatione
525 1079 600 1123 del
619 1080 805 1136 populo,
829 1086 876 1123 et
897 1079 993 1123 cosi
1014 1078 1238 1136 speriamo
1260 1079 1367 1122 dani
1388 1079 1598 1136 principii
1614 1081 1701 1123 che
1715 1095 1800 1124 no-

148 1163 244 1200 stro
264 1156 435 1214 Signor
455 1157 593 1201 vuole
614 1157 710 1201 fare
730 1172 846 1214 gran
867 1158 986 1201 bene
1006 1172 1034 1201 a
1055 1164 1218 1213 questa
1237 1156 1350 1201 cittii
1370 1164 1417 1201 et
1433 1158 1491 1201 ad
1507 1158 1621 1201 altre
1637 1172 1806 1202 conse*

148 1240 492 1288 quentemente,
532 1234 886 1291 per'lessempio
912 1241 960 1278 et
986 1233 1089 1278 altri
1116 1233 1260 1278 mezzi
1289 1236 1376 1278 che
1403 1249 1484 1278 sua
1514 1234 1803 1291 prouidentia

148 1313 284 1367 sapre't
305 1311 394 1355 ben
418 1318 601 1355 trouare
621 1318 668 1355 et
695 1312 960 1368 adoperare.
1281 1312 1283 1315 ’

239 1398 280 1443 5.
347 1387 607 1432 Habbiamo
643 1388 949 1446 grandissima
976 1389 1217 1433 occasione
1244 1388 1291 1432 di
1317 1388 1533 1433 sforzarci
1561 1390 1619 1433 ad
1647 1404 1799 1434 essere

145 1463 436 1509 instrumenti
458 1465 558 1509 suoi
580 1480 673 1509 non
694 1465 860 1519 inutili,
886 1466 961 1522 poi
983 1468 1069 1510 che
1089 1466 1128 1510 si
1150 1467 1303 1523 degna
1323 1465 1498 1510 seruire
1513 1466 1559 1509 di
1576 1467 1668 1520 noi,
1689 1469 1798 1524 pero

145 1543 358 1586 hauendo
378 1543 520 1586 molto
541 1542 737 1600 bisogno
758 1544 876 1588 delle
896 1543 1091 1587 orationi
1112 1545 1232 1588 della
1254 1531 1308 1588 P.
1335 1545 1393 1588 V.
1419 1550 1465 1587 et
1481 1543 1599 1597 altri,
1625 1552 1799 1600 quanto

145 1618 183 1663 si
205 1621 314 1676 puo,
340 1634 395 1664 ce
415 1619 481 1677 gli
511 1620 920 1676 raccomandiamo.

231 1698 305 1741 Da
326 1697 544 1751 Messina,
570 1697 646 1741 aui
674 1699 725 1742 18
748 1698 795 1741 di
818 1699 955 1742 X.bre
984 1699 1113 1754 1548.

173 1799 180 1801 -
230 1776 289 1818 D.
316 1776 374 1819 V.
404 1777 456 1818 P.
482 1774 656 1832 figliolo
677 1782 724 1819 et
745 1789 882 1820 seruo
903 1775 951 1818 in
974 1777 1078 1829 X.⁰,

1029 1854 1331 1898 HIERONYMO
1363 1855 1550 1898 NADAL.

231 1931 479 1987 Inscriptio
494 1931 792 1988 autographa
809 1932 974 1974 Patris
992 1931 1150 1974 Nadal
1165 1932 1217 1974 in
1228 1935 1397 1988 quarta
1407 1933 1607 1989 pagina:
1624 1930 1654 1989 ἦ·
1671 1931 1797 1975 Mul-

143 2014 241 2050 tum
264 2005 374 2050 R.d0
395 2006 443 2050 in
465 2009 585 2064 Xpo.
613 2009 666 2052 P.
692 2010 752 2052 D.
786 2007 966 2065 Ignatio
992 2009 1051 2052 de
1078 2009 1272 2065 Loyola‚
1304 2008 1563 2066 praeposito
1589 2008 1796 2066 generali

144 2083 387 2129 Societatis
402 2086 531 2142 Jesu,
558 2085 684 2128 Patri
703 2084 1123 2129 obseruantissimo.
1149 2087 1335 2130 Romae.

231 2162 341 2204 Alia
361 2176 520 2205 manu:
543 2162 757 2206 Messina.
789 2163 916 2217 1548.
943 2161 1018 2205 aui
1046 2163 1096 2206 18
1118 2163 1176 2207 de
1196 2163 1468 2208 Decembro.
1490 2164 1651 2208 Nadal.
1680 2164 1729 2207 S.

234 2239 393 2296 Sigilli
413 2241 676 2296 vestigium.

217 2427 228 2447 ¹
279 2425 520 2461 Benedictus
537 2425 726 2461 Palmius.

214 2488 228 2507 ²
280 2485 455 2520 Isidorus
473 2485 632 2521 Bellini.
