2066 3536
276 302 374 331 XLVI
907 296 1088 334 NOTITIA
1115 306 1306 335 CODICUM

273 397 500 442 allocutus
537 405 607 443 est
640 398 1065 445 Reuerendissimus
1093 400 1335 447 cardinalis
1363 404 1766 461 neapolitanus...»
1796 407 1898 452 Fini
1913 434 1924 441 -

276 482 371 519 tur:
402 475 491 519 «nil
512 476 655 534 possit
676 491 791 531 esse,
818 477 891 521 vel
912 477 1117 535 periculi,
1141 480 1214 524 vel
1236 479 1534 526 dubitationis
1555 483 1815 542 deinceps.»
1836 486 1923 532 Se·-

275 560 480 610 quuntur
522 565 548 609 7
575 546 639 598 'ffss
673 558 965 600 vacuva.—-2.²
1006 570 1132 614 pars,
1178 558 1254 602 fol.
1308 559 1411 614 158,
1456 559 1636 618 incipit:
1686 564 1804 621 «Jhs.
1836 562 1844 623 Ι
1870 565 1921 608 In

278 634 376 676 P.m
411 633 523 690 Cap.
565 632 913 677 Declaratio.um
946 634 1178 680 Examinis
1200 635 1373 680 scholia
1399 636 1406 696 Ι
1435 638 1575 682 Nullo
1597 641 1824 696 postulato
1844 657 1920 686 re—

276 715 453 768 sponso.
495 711 571 755 Ad
606 709 790 768 singula
826 711 1078 770 alioqui...»
1119 714 1155 757 F
1158 712 1298 758 initur
1334 714 1464 759 initio
1502 716 1578 760 fol.
1621 730 1730 774 244,
1771 720 1923 764 verbis

277 795 459 847 autogr.
481 790 535 833 P.
555 790 720 844 Nadal,
737 803 855 846 quae
866 790 1095 847 pertinent
1108 791 1165 836 ad
1178 791 1429 837 anteriores
1440 797 1766 853 paragraphos,
1786 804 1833 842 et
1848 797 1923 843 hic

277 867 450 911 addidit
478 874 654 922 auctor,
679 882 734 912 eo
760 869 884 924 quod
909 868 1106 925 spatium
1134 883 1227 913 non
1258 877 1521 927 suppeteret
1552 871 1599 916 in
1630 887 1715 918 suo
1742 875 1924 933 proprio

276 945 392 989 loco:
423 945 486 989 «si
509 960 599 1003 qua
620 945 668 989 in
690 960 737 990 re
761 946 879 990 forte
905 946 1047 991 velint
1064 946 1347 992 intercedere
1374 948 1674 1005 AssistenteS‚
1699 958 1746 996 et
1767 966 1924 998 emen-

277 1024 386 1067 dare
402 1023 658 1068 Generalis.
680 1024 743 1068 At
765 1038 958 1068 vero...»
980 1023 1106 1068 Finis
1127 1039 1238 1069 vero
1259 1017 1550 1071 Scholiorurn
1571 1029 1752 1086 proprie
1773 1029 1925 1075 dictus

277 1102 472 1145 habetur
493 1101 538 1145 in
561 1101 640 1146 fol.
667 1113 753 1157 243
774 1101 846 1145 his
868 1102 1040 1147 verbis:
1071 1104 1154 1148 «ad
1181 1110 1333 1160 partes
1354 1105 1623 1162 prudentiae
1645 1107 1920 1163 cautionem,

278 1193 330 1223 ac
346 1178 697 1237 prouidentiam.
729 1178 736 1238 Ι
763 1179 889 1224 Finis
910 1180 1197 1226 Scholiorum
1219 1181 1266 1224 in
1294 1180 1300 1240 Ι
1327 1182 1685 1229 Declarationes.
1698 1202 1715 1225 »

368 1417 523 1475 Hujus
539 1417 708 1463 codicis
726 1417 918 1462 alterum
935 1418 1166 1475 exemplar
1182 1424 1323 1472 extat,
1344 1425 1678 1477 transumptum
1695 1436 1752 1466 ex
1767 1422 1922 1480 priori,

271 1495 366 1553 jam
388 1511 415 1540 a
436 1496 583 1541 Nadal
605 1496 862 1550 emendato,
887 1495 1023 1540 etiarn
1046 1495 1093 1538 in
1115 1498 1195 1551 4.⁰,
1220 1495 1268 1539 in
1290 1497 1420 1553 cujus
1442 1497 1594 1552 dorso,
1626 1500 1740 1543 haec
1762 1507 1832 1544 est
1853 1500 1923 1544 in·-

278 1572 463 1631 scriptio
480 1574 682 1631 antiqua:
703 1576 784 1618 «P.
805 1574 1025 1618 NATALIS
1053 1572 1059 1632 Ι
1088 1574 1302 1618 SCHOLIA
1321 1588 1371 1618 IN
1399 1573 1405 1634 Ι
1434 1576 1589 1619 ΕΧΑΜ.
1612 1590 1673 1621 ET
1690 1591 1861 1622 CONST.
1893 1578 1899 1637 Ι

280 1666 341 1696 ΕΤ
364 1667 662 1697 DECLARAT.»
689 1653 882 1696 Constat
903 1663 990 1707 417
1012 1666 1119 1709 pag.
1148 1653 1260 1695 Pars
1282 1645 1427 1709 prima
1448 1653 1604 1697 finitur
1626 1653 1673 1698 in
1690 1670 1796 1713 pag.
1818 1667 1920 1711 247.

279 1730 495 1786 Sequitur
517 1729 743 1787 appendix
764 1728 1062 1784 additionum,
1090 1729 1221 1773 Pauli
1243 1731 1305 1774 IV
1327 1730 1542 1775 mandato
1568 1731 1856 1776 inductarum
1879 1733 1924 1776 in

278 1807 697 1862 constitutionibus,
719 1820 744 1863 7
758 1822 865 1866 pag.
890 1810 1002 1852 Pars
1017 1807 1240 1864 posterior
1255 1807 1408 1853 statim
1425 1808 1631 1866 sequitur
1647 1825 1674 1854 a
1689 1825 1795 1868 pag.
1819 1821 1919 1867 255.

369 1887 498 1930 Haec
519 1886 698 1946 Scholia
716 1885 866 1929 Patris
888 1885 1035 1930 Nadal
1052 1884 1170 1942 typis
1187 1900 1357 1930 excusa
1374 1886 1561 1930 fuerunt
1578 1887 1704 1931 Prati
1720 1887 1768 1931 in
1785 1889 1922 1933 Etru-

278 1963 360 2019 ria,
386 1963 433 2015 in
454 1963 635 2007 officina
657 1962 986 2020 typographica
1006 1962 1254 2017 Giachetti,
1280 1962 1360 2006 filii
1382 1970 1428 2007 et
1454 1978 1568 2020 soc.,
1594 1979 1714 2009 anno
1740 1966 1924 2010 Domini

286 2042 414 2097 1883,
445 2056 555 2085 cura
582 2047 629 2085 et
665 2040 817 2084 studio
856 2040 1005 2084 Patris
1034 2041 1071 2084 F
1074 2040 1265 2084 rancisci
1302 2040 1447 2085 Altini
1475 2042 1524 2086 S.
1550 2043 1594 2100 J.
1627 2043 1686 2086 Et
1716 2044 1829 2088 haec
1856 2051 1926 2088 est

279 2118 424 2176 prima
450 2119 589 2163 editio
617 2118 756 2175 hujus
784 2117 970 2173 codicis,
1001 2132 1120 2174 quae
1150 2117 1333 2174 quidem
1361 2133 1466 2162 cum
1494 2121 1742 2178 archetypo
1771 2135 1926 2166 exem-

279 2196 393 2254 plari
409 2197 687 2241 concordare
707 2195 902 2240 videtur.
929 2195 1193 2240 Notandum
1217 2202 1367 2240 tamen
1390 2203 1461 2240 est
1481 2189 1699 2241 editorem
1727 2205 1927 2243 mutasse

280 2274 651 2332 orthographiam
675 2272 908 2330 originalis
930 2272 1172 2317 scribendo
1194 2288 1221 2316 v
1237 2287 1319 2330 pro
1340 2288 1386 2327 u,
1408 2280 1454 2317 et
1475 2288 1507 2316 u
1527 2289 1610 2331 pro
1631 2289 1673 2327 v‚·
1685 2276 1925 2334 fortassi8‚

280 2367 363 2410 pro
376 2353 592 2412 fortasis,
610 2358 656 2395 et
672 2350 760 2395 alia
775 2350 1052 2407 hujusmodi,
1073 2365 1190 2407 quae
1206 2350 1303 2408 ipse
1319 2351 1467 2395 Nadal
1481 2365 1716 2409 perperam
1737 2366 1819 2409 pro
1841 2367 1925 2396 suo

280 2445 407 2474 more
434 2428 630 2486 scripsit,
664 2428 712 2471 in
747 2430 834 2471 hac
862 2435 1014 2471 autem
1052 2427 1251 2472 editione
1281 2429 1522 2473 emendata
1552 2428 1832 2486 prodierunt.
1873 2418 1921 2474 ln

280 2507 562 2566 praefatione
590 2514 759 2560 autem,
790 2520 896 2562 pag.
924 2507 1022 2558 VII,
1054 2505 1101 2549 ni
1123 2505 1336 2561 fallimur,
1367 2520 1460 2550 non
1486 2513 1610 2550 recte
1640 2506 1924 2563 applicantur

278 2587 336 2630 ab
358 2585 532 2630 editore
553 2584 745 2628 Sclzoliis
768 2582 917 2627 Patris
939 2583 1102 2638 Nadal,
1127 2598 1182 2627 ea
1202 2598 1320 2639 quae
1336 2584 1394 2627 de
1410 2583 1820 2638 Admonitionibus,
1842 2585 1924 2629 de-

276 2670 401 2708 creto
424 2673 479 2718 57
502 2669 784 2715 statuuntur,
803 2660 875 2704 his
890 2660 1058 2704 verbis:
1084 2660 1458 2704 «Admonitiones
1476 2662 1529 2705 P.
1551 2661 1725 2706 Natalis
1747 2662 1804 2705 ab
1826 2661 1924 2719 ipso

280 2746 561 2798 expurgatae
598 2746 735 2795 atque
762 2738 809 2781 in
837 2738 1041 2782 ordinem
1075 2738 1301 2791 redactae,
1335 2737 1696 2782 Provincialibus
1724 2753 1750 2782 a
1778 2741 1833 2783 R.
1867 2742 1920 2783 P.

280 2818 495 2863 Generali
518 2817 771 2870 tradantur,
798 2822 848 2860 ut
868 2816 955 2860 illis
977 2831 1060 2873 pro
1076 2816 1172 2860 sola
1187 2815 1452 2871 directione,
1471 2817 1596 2860 nulla
1611 2816 1793 2861 interim
1809 2816 1925 2860 obli-

280 2896 466 2954 gatione
487 2893 708 2947 obstricti,
735 2900 967 2938 utantur.»
995 2894 1134 2950 Quod
1156 2899 1308 2936 autem
1337 2893 1519 2937 nomine
1549 2894 1924 2937 Admonitionum

279 2972 580 3031 congregatio
603 2986 695 3015 non
717 2970 993 3028 intelligeret
1015 2971 1206 3023 Scholia,
1228 2971 1306 3014 sed
1330 2970 1652 3015 instructiones
1670 2977 1715 3014 et
1736 2970 1922 3026 monita,

283 3065 399 3106 quae
436 3065 528 3093 una
564 3064 669 3093 cum
697 3047 870 3105 regulis
898 3049 952 3092 P.
989 3048 1136 3092 Nadal
1163 3047 1209 3090 in
1243 3046 1465 3104 Hispania
1498 3054 1545 3092 et
1581 3047 1687 3091 alibi
1724 3047 1919 3107 reliquit,

282 3127 520 3186 perspicue
541 3133 727 3185 apparet
748 3125 795 3169 in
822 3125 892 3169 his
913 3125 1066 3169 verbis
1087 3124 1257 3169 decreti
1284 3126 1339 3169 28
1368 3125 1572 3182 ejusdem
1600 3125 1922 3182 congregatio-—
