2098 3484
295 294 352 339 76
887 295 1027 330 EPIST.
1055 294 1099 328 P.
1128 292 1371 328 NADAL—z1

304 410 389 440 nos
409 396 605 440 escribio
626 403 723 441 este
744 402 913 442 verano
935 392 1128 452 passado
1158 395 1188 446 ¹,
1214 394 1417 437 dandose
1439 394 1506 435 los
1535 391 1776 436 exercitios
1804 396 1831 436 a
1861 399 1961 435 tres

295 474 362 518 de
382 474 450 519 las
471 473 743 531 principales
765 488 854 530 que
875 474 944 516 los
965 472 1137 529 podran
1159 472 1241 514 dar
1263 475 1289 514 a
1311 471 1379 514 las
1401 471 1573 514 demas.
1609 470 1779 513 Vienen
1806 471 1822 492 ¹
1849 476 1953 513 tan-

304 550 412 595 bien
433 553 627 609 algunas
647 552 822 596 duefias
845 550 1004 594 nobles
1026 553 1053 592 a
1074 549 1289 592 tomarlos
1311 562 1369 591 en
1392 553 1578 590 nuestra
1606 546 1797 603 yglesia.
1859 579 1861 581 ·

1103 751 1178 791 ⁶21

675 871 726 906 D.
750 868 1225 907 BARTHOLOMAEUS
1253 869 1324 903 DE
1351 867 1578 905 ARAGON

890 984 1120 1013 EPISCOPUS
1145 984 1378 1012 PACTENSlS

730 1092 789 1134 P.
827 1091 1253 1133 HIERONYMO
1287 1089 1533 1159 NADAL

771 1215 944 1267 Paetis,
978 1225 1026 1269 15
1051 1214 1289 1258 Februarii
1318 1225 1430 1269 1550
1453 1215 1486 1257 ³.

298 1350 336 1377 J.
360 1342 545 1377 Miratur
562 1342 730 1377 Patrem
748 1340 885 1375 Nadal
901 1351 1088 1375 recusare
1107 1339 1307 1386 officium,
1327 1339 1434 1385 quod
1450 1340 1506 1374 ad
1521 1340 1747 1375 haereticae
1764 1340 1953 1387 pra-vita-

285 1394 288 1397 *
375 1401 427 1436 tis
444 1401 705 1447 inquisitores
719 1399 1018 1446 spectabat.—2.
1041 1398 1214 1433 Nullum
1227 1399 1500 1446 pri-vilegium
1520 1399 1707 1434 validum
1732 1410 1811 1434 esse
1834 1399 1954 1447 affir—

378 1463 464 1496 mat
494 1461 549 1495 ad
574 1460 654 1495 tale
680 1471 830 1494 munus
859 1459 1187 1502 detrectandum;
1220 1459 1362 1494 Patris
1390 1461 1527 1494 tamen
1557 1459 1858 1495 excusationem.
1882 1460 1953 1494 ad-

377 1520 515 1555 mittit.

898 1664 1009 1717 Muy
1042 1601 1157 1704 Rdg.
1193 1662 1355 1706 Sefior.

402 1771 440 1802 1.
507 1758 676 1801 Recebi
698 1772 755 1801 su
776 1764 900 1800 carta
922 1771 979 1800 en
1001 1764 1235 1813 respuesta
1256 1757 1315 1801 de
1335 1758 1380 1800 la
1396 1771 1485 1813 que
1501 1772 1562 1814 yo
1579 1757 1623 1801 le
1638 1760 1804 1810 screui,
1823 1772 1855 1814 y
1870 1771 1954 1814 por

304 1836 395 1883 ella
414 1849 501 1879 veo
522 1835 566 1879 la
587 1849 787 1892 graueza
808 1849 897 1890 que
918 1833 1069 1878 recibe
1089 1849 1147 1878 en
1168 1835 1212 1890 lo
1244 1849 1335 1890 que
1362 1849 1421 1891 yo
1447 1835 1491 1879 le
1522 1834 1864 1878 encomendaua
1895 1835 1952 1877 de

301 1912 463 1956 visitat
484 1913 552 1956 los
574 1912 778 1964 libreros,
804 1926 912 1968 para
934 1927 1014 1956 ver
1029 1911 1068 1955 si
1083 1927 1142 1955 en
1158 1912 1270 1956 ellos
1286 1927 1336 1956 se
1358 1913 1570 1956 hallauan
1592 1912 1788 1968 algunos
1809 1910 1953 1954 libros

303 1990 603 2046 reprobados;
644 2004 674 2045 y
711 1988 852 2032 cierto
884 2003 909 2032 e
941 1990 1149 2044 quedado
1181 2004 1291 2046 muy
1322 1990 1572 2046 espantado
1604 1989 1743 2042 dello,
1778 2002 1952 2045 porque

305 2066 465 2111 siendo
485 2081 563 2110 esa
583 2072 742 2110 sancta
764 2066 1018 2122 Compafiia
1038 2066 1257 2110 dedicada
1277 2081 1387 2122 para
1407 2067 1543 2110 hazer
1570 2067 1746 2109 buenos
1774 2064 1951 2108 exerci—

380 2211 389 2231 ¹
441 2209 579 2245 Sermo
597 2214 659 2245 est
675 2208 725 2244 de
750 2208 987 2243 monasterio
1012 2209 1138 2244 Divae
1163 2209 1323 2256 Mariae,
1349 2209 1445 2245 dell'
1464 2209 1548 2244 alto
1566 2208 1710 2244 dictae.

374 2271 389 2291 ²
439 2269 485 2304 In
515 2269 739 2316 apographo
762 2267 950 2314 scriptum
974 2268 1102 2304 fuerat
1125 2269 1234 2311 bien,
1259 2269 1330 2304 sed
1355 2269 1398 2304 P.
1426 2269 1597 2303 Polanco
1622 2267 1762 2303 melius
1793 2266 1952 2315 scripsit

306 2330 463 2365 vienen.

366 2389 392 2409 ‘³
442 2389 501 2424 Ex
526 2392 770 2435 transumpto
794 2398 941 2423 coaevo
964 2393 1004 2423 et
1022 2388 1264 2435 authentico,
1292 2400 1382 2424 cum
1410 2387 1686 2424 emendatione
1712 2387 1954 2434 autographa

305 2447 431 2484 Patris
445 2447 584 2483 Nadal.
601 2448 647 2483 In
660 2448 788 2495 Epist.
808 2447 958 2494 Episc„
974 2448 1007 2493 Ι,
1020 2448 1136 2484 unico
1150 2448 1234 2494 fol.‚
1249 2456 1295 2493 95
1310 2450 1425 2494 (175).
1439 2449 1551 2483 Hanc
1565 2447 1774 2495 epistolam
1786 2457 1955 2483 comme-

307 2511 431 2543 morat
449 2507 492 2542 P.
512 2507 732 2552 POLANCO‚
756 2506 922 2549 Chron„
943 2507 995 2553 ΙΙ,
1014 2506 1075 2553 35,
1095 2508 1163 2543 ubi
1180 2509 1278 2543 haec
1296 2507 1452 2543 scribit:
1475 2507 1716 2556 «Episcopus
1738 2505 1953 2554 pactensiS,

306 2567 526 2602 haereticae
544 2566 750 2614 pravitatis
769 2566 994 2613 Inquisitor,
1014 2567 1063 2602 ad
1080 2568 1125 2603 P.
1146 2568 1327 2604 Natalem
1346 2567 1572 2614 scripserat,
1592 2572 1636 2602 ut
1653 2567 1783 2614 aliqua
1800 2566 1850 2602 ad
1866 2577 1955 2602 san-

300 2631 411 2662 ctum
428 2626 539 2662 illum
556 2625 728 2661 officium
745 2626 982 2672 pertinentia
1000 2633 1276 2673 exequeretur3
1298 2632 1339 2663 at
1355 2627 1447 2674 quia
1464 2626 1720 2662 criminaliter
1742 2625 1955 2674 proceden-

300 2685 398 2721 dum
428 2690 526 2732 erat,
553 2696 632 2721 non
657 2685 698 2720 id
726 2697 868 2721 munus
898 2686 1120 2733 acceptavit
1149 2687 1193 2722 P.
1226 2687 1392 2732 Natalis,
1424 2687 1489 2722 cui
1513 2686 1717 2734 rescripsit
1742 2685 1955 2733 Inquisitor

300 2745 486 2781 admirari
504 2757 547 2780 se
565 2745 807 2791 significans,
826 2745 929 2792 quod
947 2746 1170 2791 hujusmodi
1185 2759 1326 2782 munus
1341 2747 1389 2782 ad
1403 2747 1588 2782 haereses
1603 2745 1855 2792 extirpandas
1869 2756 1956 2792 per-

306 2805 436 2841 tinens
453 2809 669 2850 recusaret,
689 2816 763 2840 nec
781 2806 859 2840 ulla
877 2805 1085 2851 privilegia
1104 2806 1233 2842 valida
1251 2806 1336 2842 fore
1350 2807 1390 2842 in
1405 2806 1483 2852 his,
1497 2818 1598 2854 quae
1612 2805 1661 2841 ad
1675 2805 1847 2841 officium
1860 2804 1958 2840 illud

305 2863 504 2911 pertinent
521 2863 777 2899 detrectanda
794 2865 1024 2899 affirmabat.
1051 2865 1130 2900 Sed
1161 2871 1293 2901 tamen
1323 2871 1484 2913 propter
1513 2877 1603 2901 eum
1633 2865 1835 2901 charitatis
1864 2863 1959 2900 affe-

300 2928 426 2969 ctum,
445 2935 523 2970 quo
553 2923 794 2959 Societatem
823 2925 1173 2970 complectebatur,
1202 2925 1498 2961 excusationem
1524 2925 1565 2961 in
1594 2924 1682 2960 aliis
1713 2923 1884 2970 admisit;
1915 2923 1956 2960 in

305 2982 417 3018 libris
435 2973 567 3019 tamen
586 2982 782 3028 videndis,
798 2994 847 3018 an
862 2984 1050 3019 haeretici
1065 2989 1201 3020 essent
1212 2997 1353 3031 necne,
1369 2996 1528 3032 operam
1541 2989 1763 3020 nostrorum
1778 2995 1822 3019 se
1836 2983 1955 3023 etiam

303 3048 399 3078 tunc
416 3041 655 3089 desiderare,
675 3054 749 3078 nec
763 3042 870 3088 juste
889 3044 1024 3088 negari
1043 3055 1159 3090 posse
1179 3044 1431 3090 significavit.
1458 3045 1595 3091 Itaque
1618 3044 1660 3079 in
1678 3043 1873 3090 suspectis
1886 3043 1958 3079 hu.-

301 3101 475 3148 jusmodi
494 3101 604 3137 libris
623 3101 893 3137 examinandis
913 3103 1138 3149 Inquisitori
1156 3104 1419 3149 gratificatum
1439 3109 1513 3152 est,
1527 3109 1635 3139 etc.»
