2066 3490
908 299 1119 345 1545-1546
1788 310 1830 336 21

182 401 298 445 nihil
319 415 420 446 esse
440 400 623 458 negocii
644 400 721 444 illa
741 406 850 444 vota
870 401 1022 455 edere,
1047 401 1172 457 quod
1194 401 1303 445 fecit
1324 407 1374 444 vt
1392 408 1502 445 tunc
1524 416 1617 445 non
1634 403 1831 455 ederem,

180 479 265 522 sed
286 478 351 522 rei
373 478 670 522 dificultatem
692 485 980 535 expectarem
1007 480 1036 522 ¹:
1057 493 1112 522 ea
1127 478 1324 535 contigit
1340 479 1356 499 ³
1374 478 1623 535 singularis
1639 481 1834 534 quadam

185 563 335 609 nocte,
360 555 439 599 vbi
459 556 660 613 legerem
688 556 746 599 ad
772 556 932 600 laudes
967 557 1026 599 Te
1052 558 1219 609 Deum,
1248 563 1357 609 etc.,
1384 570 1475 612 qua
1497 555 1830 609 animaduersa,

184 633 450 678 recitatione
479 647 666 690 precum
695 632 975 686 intermissa,
992 632 1220 677 vconuerti
1246 648 1320 677 me
1348 634 1406 677 ad
1426 640 1536 677 vota
1558 632 1767 677 facienda
1788 633 1836 676 in

181 711 307 754 hunc
327 711 530 754 modum:

243 787 314 842 70.
380 789 455 831 Ad
471 789 678 846 gloriam
701 788 845 831 &mae
873 790 1008 844 atque
1030 788 1303 831 indiuiduae
1333 789 1591 846 Trinitatis,
1606 793 1696 844 per
1712 803 1835 846 gra-

178 865 294 908 tiam
316 866 512 908 Domini
533 866 684 909 nostri
706 866 809 908 Iesu
833 867 891 908 Χ.
899 865 925 918 ί,
947 880 1050 908 cum
1072 880 1254 908 summo
1275 867 1438 909 timore
1460 868 1502 908 et
1523 868 1733 918 tremore,
1751 880 1836 922 ego

180 943 494 999 Hieronymus
516 943 702 986 Natalis
738 957 876 986 voueo
902 944 1001 986 Deo
1028 944 1325 1000 omnipotenti
1352 943 1667 996 obedientiam,
1696 944 1834 986 casti-

178 1022 318 1063 tatem
339 1024 381 1063 et
394 1024 714 1077 paupertatem
744 1022 795 1063 in
819 1035 964 1063 manu
985 1022 1218 1079 praefecti
1250 1021 1487 1064 Societatis
1517 1022 1639 1064 Iesu.
1673 1021 1834 1077 Itaque

181 1097 262 1140 illa
283 1101 385 1141 vota
412 1112 515 1141 cum
539 1099 706 1156 gratia
732 1099 824 1142 Dei
851 1098 1095 1142 obseruabo
1124 1103 1215 1155 pro
1237 1099 1336 1142 eius
1357 1098 1590 1141 arbitratu
1618 1101 1660 1142 et
1686 1099 1832 1151 iussu,

175 1175 442 1219 solemniter
458 1177 595 1219 etiam
610 1177 836 1235 facturus
856 1179 958 1219 vota
986 1176 1108 1229 haec,
1131 1190 1272 1232 quum
1303 1176 1395 1232 ipsi
1416 1176 1524 1219 bene
1551 1176 1703 1219 visum
1728 1177 1834 1227 fue—

178 1253 260 1296 rit.
294 1254 352 1296 Te
372 1255 525 1296 Deum
547 1254 808 1296 laudamus:
830 1256 870 1296 te
895 1254 1152 1296 Dominum
1185 1253 1478 1310 confitemur:
1504 1253 1586 1296 tibi
1613 1253 1728 1306 laus,
1753 1253 1834 1296 tibi

172 1330 349 1387 gloria,
372 1330 453 1373 tibi
469 1331 745 1388 gratiarum
768 1331 897 1384 actio,
914 1335 1003 1387 per
1025 1331 1178 1374 Iesum
1207 1331 1379 1386 Xpum.
1405 1331 1457 1373 in
1484 1330 1636 1373 secula
1663 1331 1832 1387 sempi-

175 1410 327 1451 terna.
352 1409 517 1451 Amen.
543 1407 750 1451 Intellexi
771 1414 925 1451 autem
947 1414 1264 1465 paupertatem
1285 1407 1349 1451 ita
1371 1421 1556 1459 vouere,
1582 1414 1633 1450 vt
1660 1422 1832 1451 vouere

173 1485 326 1529 solent
373 1484 648 1535 scholastici.
696 1485 885 1529 Nullum
924 1486 1244 1528 consulueram
1286 1485 1344 1528 de
1388 1485 1582 1527 formula
1617 1491 1830 1528 votorum

171 1562 452 1616 huiusmodi,
472 1577 558 1607 nec
585 1570 710 1607 certa
737 1563 888 1606 adhuc
915 1569 1013 1607 erat
1038 1562 1160 1607 edita
1188 1562 1399 1607 formula.
1433 1563 1696 1606 Consecuta
1716 1561 1830 1606 mira

172 1640 446 1695 consolatio,
472 1650 562 1685 etc.

267 1729 339 1772 71.
405 1720 534 1763 Haec
569 1719 752 1762 narraui
789 1725 948 1776 postea
978 1721 1030 1762 Ρ.
1064 1717 1264 1775 Ignatio:
1289 1717 1519 1775 prouauit;
1545 1718 1668 1761 vnde
1697 1716 1828 1761 facile

174 1786 262 1838 fuit
298 1795 554 1855 intelligere
585 1797 712 1840 illum
739 1796 941 1841 voluisse
969 1795 1153 1852 quidem
1186 1803 1237 1839 vt
1263 1802 1373 1839 vota
1394 1796 1592 1848 ederem,
1625 1794 1828 1839 noluisse

170 1878 328 1917 tamen
344 1889 444 1918 esse
466 1882 714 1919 auctorem.

263 1961 336 2005 72.
402 1951 587 1996 Resciui
608 1967 635 1996 a
658 1954 712 1995 P.
738 1953 1002 1996 Domeneco
1024 1949 1194 1994 dixisse
1217 1952 1271 1994 P.
1300 1950 1530 2007 Ignatium
1552 1950 1610 1993 de
1631 1963 1721 2003 me,
1742 1964 1822 1992 an-

168 2033 356 2083 tequam
376 2029 712 2073 confessionem
734 2028 1002 2081 audiuisset,
1027 2043 1164 2085 quam
1186 2027 1250 2070 illi
1274 2027 1362 2071 feci
1383 2027 1431 2070 in
1448 2026 1691 2072 exercitiis:
1728 2028 1826 2071 «De

167 2104 259 2148 hoc
280 2105 367 2149 erit
387 2106 520 2150 nobis
541 2107 725 2161 dificile,
751 2107 858 2163 quia
875 2113 945 2150 est
967 2106 1130 2163 plenus
1158 2104 1489 2158 melancholiis,
1514 2111 1565 2159 vt
1592 2089 1729 2148 etiam
1751 2104 1823 2147 in-

165 2181 324 2226 dicant
352 2183 451 2227 eius
487 2184 624 2238 oculi;
666 2184 934 2237 timendum,
974 2183 1013 2227 si
1044 2182 1271 2227 Dominus
1308 2182 1437 2226 illum
1465 2197 1558 2226 non
1586 2188 1737 2235 vocet,
1764 2196 1824 2225 ne

168 2259 303 2316 plane
338 2260 560 2305 efficiatur
596 2260 952 2306 melancholicus
975 2267 1022 2305 et
1048 2275 1236 2304 sensum
1257 2259 1450 2304 amittat.
1478 2260 1616 2303 Nunc
1636 2258 1713 2302 hic
1736 2258 1823 2316 (in-

165 2336 282 2394 quit)
319 2338 420 2380 vult
446 2338 619 2382 seruire
645 2341 761 2392 Deo,
792 2345 840 2382 et
866 2352 960 2382 non
988 2344 1183 2394 potest.»
1209 2338 1346 2381 Nunc
1369 2351 1480 2380 vero
1502 2350 1552 2380 se
1573 2337 1692 2380 bene
1714 2349 1819 2391 spe—

170 2428 272 2458 rare
293 2416 477 2459 Patrem
499 2413 714 2475 [dixisse];
735 2416 903 2459 debere
924 2429 998 2458 me
1019 2428 1158 2472 agere
1174 2415 1274 2458 Deo
1297 2413 1469 2470 gratias
1486 2427 1568 2470 pro
1584 2411 1821 2457 beneficiis

167 2491 386 2548 acceptis,
418 2507 548 2536 orare
567 2507 650 2549 pro
670 2490 1011 2549 perseuerantia
1031 2498 1078 2535 et
1106 2490 1380 2544 constantia,
1411 2489 1619 2534 «tametsi
1642 2488 1819 2547 (inquit)

168 2568 355 2612 habebit
376 2569 692 2614 tribulationes
713 2577 760 2614 et
777 2571 792 2592 ⁵
811 2570 964 2613 forsan
981 2568 1233 2626 grauiores3
1254 2569 1336 2612 sed
1350 2570 1479 2611 Deus
1496 2582 1602 2611 eum
1625 2566 1819 2610 adiuua-

164 2644 249 2699 bit;
274 2645 586 2690 diminuentur
603 2646 982 2704 perturbationes,
1003 2646 1298 2702 augebuntur
1314 2644 1667 2696 consolationes,
1690 2644 1818 2686 futu-

164 2737 267 2766 rum
288 2731 339 2766 vt
358 2731 533 2780 partem
555 2724 752 2781 paradisi
774 2731 933 2781 gustet
954 2723 1002 2766 in
1023 2725 1111 2766 hac
1132 2722 1227 2765 vita
1249 2722 1282 2766 ⁴.

242 2880 251 2900 ¹
301 2879 358 2915 Ut
375 2890 431 2914 sc.
452 2878 639 2925 majorem
656 2879 705 2915 de
723 2878 866 2926 seipso
885 2878 1091 2914 victoriam
1108 2876 1408 2924 adipisceretur.

237 2940 251 2959 ²
302 2937 367 2973 Sc.
385 2938 610 2983 difficultas,
629 2938 716 2974 sive
733 2937 994 2986 repugnantia
1013 2942 1106 2973 vota
1124 2936 1281 2972 edendi.

241 2997 255 3017 ³
305 2997 395 3044 Ms.,
414 3000 465 3038 et,
484 3001 535 3040 et,
554 2997 753 3034 iteratum.

240 3057 256 3077 ⁴
305 3056 502 3102 Ignatium
518 3057 582 3092 hic
597 3058 868 3105 prophetasse,
881 3057 939 3092 rei
952 3061 1120 3092 eventus
1138 3057 1253 3103 plane
1271 3054 1557 3101 comprobavit,
1574 3059 1616 3089 ut
1635 3065 1696 3098 ea,
1716 3064 1817 3100 quae

168 3113 209 3150 in
226 3113 348 3161 ipsius
363 3116 406 3151 P.
422 3115 547 3152 Nadal
565 3117 744 3164 epistolis
763 3122 803 3153 et
815 3116 942 3163 gestis
955 3115 1057 3152 infra
1065 3115 1192 3151 videri
1206 3120 1406 3163 poterunt,
1419 3113 1574 3151 abunde
1589 3113 1816 3149 ostendent.
