2028 3484
781 253 824 290 18
850 254 1081 291 FEBRUARn
1110 263 1198 301 1555
1738 265 1808 306 279

256 356 359 401 Vna
384 355 578 401 limosna
605 359 787 413 querria
814 356 943 414 pedir
971 361 998 400 a
1027 359 1084 401 V.
1117 359 1199 412 R.,
1230 373 1260 414 y
1287 374 1337 403 es
1365 372 1455 414 que
1482 373 1564 415 por
1592 374 1718 402 amor
1749 360 1808 405 de

167 433 270 478 Iesu
290 434 379 477 X.0
404 448 478 479 me
499 434 684 479 alcance
705 434 749 478 13
770 433 926 491 gracia
946 435 1005 479 de
1032 449 1160 479 sacar
1188 435 1231 480 61
1258 436 1375 480 alma
1402 450 1484 492 por
1511 436 1625 479 cada
1651 436 1805 491 missa,

167 510 226 556 de
246 517 432 555 nuestro
455 511 604 556 Padre
625 513 760 556 Mtro.
786 510 985 568 Ignasio,
1010 515 1037 555 a
1059 511 1197 568 quien
1219 527 1279 555 no
1302 528 1376 557 me
1397 520 1555 558 atreuo
1572 528 1631 569 yo
1652 513 1710 559 de
1726 529 1807 571 pe-

168 585 294 630 dirla.
319 588 410 631 Por
430 587 720 632 commissic'm
741 589 800 634 de
820 595 1010 634 nuestro
1034 591 1087 633 P.
1122 589 1388 646 prouincial.

257 664 503 720 Inscriptio
533 666 584 708 in
612 669 780 722 quarta
801 667 1002 723 pagina:
1039 666 1068 724 †
1106 667 1196 710 Ihs.
1240 667 1300 710 Al
1337 682 1446 723 muy
1475 669 1588 711 Rdo.
1617 683 1674 712 en
1695 670 1807 726 Jesu

169 740 352 785 Christo
390 742 559 796 Padre,
600 743 642 788 61
671 745 725 787 Ρ.
759 745 895 788 Mtro.
928 744 1076 788 Nadal
1103 744 1162 789 de
1190 745 1234 788 la
1263 745 1514 801 Compania
1544 746 1602 790 de
1629 747 1718 789 Ihs.
1751 761 1808 790 en

168 818 326 862 Roma.
524 862 527 866 ,

251 896 360 939 Alia
380 911 540 940 manu:
567 910 584 941 1
593 907 646 953 55
653 908 694 953 5.
721 899 974 956 Caragoca.
1001 898 1060 942 Di
1086 899 1324 943 Balthasar
1354 898 1508 943 Pisias.
1539 914 1567 957 9
1600 899 1645 942 di
1677 900 1805 944 Gen-

166 972 286 1017 naio.
314 974 395 1018 Pel
419 976 472 1017 P.
498 976 611 1019 M.ro
639 975 812 1020 Natale

216 1095 225 1104 ,
253 1051 382 1094 Alia:
406 1053 495 1097 Per
516 1052 560 1095 13
582 1051 771 1096 historia
792 1053 839 1096 di
860 1053 1112 1111 Caragoca.

958 1272 1023 1315 ¹21

609 1379 658 1416 S.
690 1379 990 1418 IGNATIUS
1020 1381 1096 1416 DE
1127 1379 1376 1419 LOYOLA

411 1484 660 1527 PATRI
721 1483 1221 1529 HIERONYMO
1283 1484 1564 1528 NADAL

627 1598 814 1650 Romae,
846 1598 896 1641 18
919 1597 1155 1643 Februarii
1182 1609 1292 1654 1555
1318 1599 1342 1640 ¹.

167 1709 341 1746 Litterae
354 1713 551 1758 patentes,
570 1711 714 1757 quibus
732 1712 781 1747 P.
801 1711 939 1747 Nadal
952 1713 1219 1748 renuntiatur
1231 1713 1534 1748 commissarius
1542 1710 1751 1759 generalis
1765 1711 1807 1747 in

287 1748 331 1787 Ι
604 1770 745 1813 Italia,
764 1771 937 1807 Austria
954 1774 991 1808 et
1007 1772 1105 1808 aliis
1120 1772 1365 1820 regionibus.

975 1855 997 1889 ,Γ

942 1892 1030 1935 Ihs.

256 1986 461 2044 Ignatius
493 1988 551 2033 de
583 1987 777 2044 Loyola,
814 1987 1100 2044 praepositus
1138 1988 1367 2045 generalis
1402 1986 1647 2033 Societatis
1674 1989 1802 2045 Jesu,

165 2063 333 2109 dilecto
360 2063 407 2107 in
435 2066 524 2108 X.0
550 2064 678 2109 fratri
705 2065 879 2109 doctori
907 2065 1194 2122 Hieronymo
1226 2065 1400 2120 Natali,
1431 2064 1656 2110 sacerdoti
1684 2063 1805 2109 eius-

163 2142 269 2186 dem
290 2141 551 2196 Societatis,
576 2143 771 2187 salutem
793 2142 840 2186 in
861 2141 1059 2186 Domino
1081 2142 1418 2200 sempiternam.
1445 2144 1564 2187 Cum
1586 2141 1665 2185 diu
1679 2141 1804 2184 mul—

166 2225 355 2275 tumque
377 2220 595 2276 probatae
615 2219 748 2264 nobis
771 2227 817 2265 et
845 2218 1112 2277 perspectae
1138 2219 1259 2265 vitae
1286 2228 1393 2266 tuae
1419 2219 1694 2277 integritati,
1724 2219 1806 2262 do—

166 2294 340 2340 ctrinae
376 2303 422 2341 et
450 2296 497 2340 in
524 2295 673 2342 rebus
692 2297 907 2354 gerendis
934 2297 1220 2355 prudentiae,
1251 2313 1370 2354 quae
1396 2305 1466 2343 est
1492 2297 1539 2340 in
1566 2299 1655 2341 X.0
1674 2298 1802 2355 JeSU,

166 2373 408 2430 plurimum
430 2373 477 2418 in
500 2375 659 2420 eodem
682 2375 892 2428 fidamus,
913 2382 959 2420 et
975 2375 1022 2418 in
1039 2375 1267 2432 prouintia
1283 2376 1439 2421 Italiae
1455 2382 1501 2421 et
1517 2374 1732 2419 Austriae
1754 2387 1805 2416 ac

243 2549 253 2570 ¹
304 2548 363 2583 Ex
386 2549 610 2596 apographo
633 2561 796 2595 coaevo,
825 2550 865 2585 in
889 2551 984 2594 vol.,
1008 2549 1073 2586 cui
1099 2549 1237 2586 titulus
1255 2551 1428 2586 Decreta
1445 2553 1483 2586 et
1504 2549 1804 2589 instructiones,

117 2606 122 2611 ”
166 2606 418 2653 1540·73,fol.
439 2616 485 2653 59
502 2608 712 2645 v.—Initio
729 2610 845 2656 hujus
863 2609 1104 2656 documenti,
1123 2609 1186 2645 hic
1204 2610 1342 2646 titulus
1360 2623 1382 2646 a
1399 2610 1443 2645 P.
1464 2610 1632 2645 Polanco
1650 2608 1690 2643 in
1712 2619 1807 2642 mar-

162 2666 257 2713 gine
274 2667 444 2714 scriptus
463 2673 537 2703 est:
560 2669 727 2705 Patente
739 2672 818 2716 pro
844 2670 938 2705 Pre.
965 2669 1108 2706 Natali
1131 2671 1176 2706 in
1198 2671 1427 2708 electionem
1452 2668 1721 2705 commissarii
1740 2679 1807 2714 ge-

164 2726 319 2762 neralis
335 2727 380 2762 in
397 2727 536 2769 Italia,
558 2728 729 2764 Austria
743 2731 781 2764 et
796 2729 892 2764 aliis
910 2729 1196 2777 regionibus.-
1209 2730 1295 2765 Hae
1310 2730 1464 2765 litterae
1480 2733 1658 2776 patentes
1677 2731 1808 2773 postu-

163 2786 266 2821 latae
282 2785 442 2822 fuerunt
458 2788 508 2822 ab
526 2786 611 2834 ipso
629 2789 674 2823 P.
696 2788 820 2824 Nadal
840 2788 879 2824 in
906 2789 1074 2836 epistola
1097 2789 1182 2825 sive
1210 2789 1425 2834 Bononiae,
1451 2789 1535 2824 sive
1558 2786 1737 2822 Tridenti
1761 2785 1808 2820 ad

163 2845 360 2891 Ignatium
377 2845 482 2890 data,
501 2852 544 2882 ut
561 2853 716 2883 constat
731 2860 780 2883 ex
802 2849 981 2896 Regest0‚
997 2849 1069 2895 III,
1085 2847 1144 2894 23,
1160 2849 1200 2884 in
1213 2850 1468 2896 responsione
1484 2847 1609 2883 Patris
1623 2847 1807 2888 Polanco,

161 2916 211 2940 ex
229 2905 520 2950 commissione,
540 2906 631 2952 data
652 2915 666 2942 1
689 2907 836 2954 Aprilis
855 2908 970 2954 hujus
988 2908 1094 2953 anni,
1121 2909 1189 2944 ubi
1215 2909 1366 2944 litteras
1391 2907 1517 2943 Patris
1541 2905 1663 2953 Nadal
1683 2906 1807 2940 Bono-

164 2964 252 3000 niae
270 2970 310 3001 et
327 2965 507 3001 Tridenti
523 2966 633 3002 datas
651 2966 700 3002 ad
718 2967 914 3013 Ignatium
933 2968 1178 3015 pervenisse,
1193 2974 1233 3004 et
1246 2968 1416 3015 diploma
1435 2980 1456 3002 3
1475 2967 1517 3001 P.
1536 2965 1656 3001 Nadal
1677 2969 1808 3012 postu-

168 3025 290 3059 latum
307 3036 398 3060 cum
415 3025 488 3060 hac
506 3024 672 3072 epistola
690 3026 793 3069 mitti
811 3027 967 3063 dicitur.

238 3084 400 3120 Praeter
423 3085 493 3120 has
519 3083 670 3121 litteras
694 3092 895 3133 patentes,
919 3087 994 3123 alia
1011 3088 1246 3124 documenta
1270 3091 1539 3129 asservantur,
1559 3084 1701 3132 quibus
1719 3094 1806 3119 san-
