2066 3536
249 255 302 282 XL
876 246 1058 283 NorrrxA
1084 254 1273 283 comeum

927 386 1111 426 Codex
1141 385 1228 426 12.

339 506 564 563 Apologia
582 507 746 549 Patris
769 507 925 550 Nadal
933 511 1024 563 pro
1039 507 1248 550 Exerciti
1251 508 1304 560 is,
1322 510 1481 550 contra
1490 497 1702 565 fratiem
1721 507 1899 550 Pedro-

251 583 328 626 che
357 583 412 627 O.
441 584 695 627 P.—Haec
717 583 929 641 apologia
950 585 1209 628 asservatur
1230 584 1277 627 in
1298 583 1574 628 bibliotheca
1600 583 1810 628 vaticana
1830 584 1900 627 in-⁴

253 667 320 704 ter
343 660 430 704 alia
452 661 674 717 opuscula
695 659 742 703 in
764 675 857 705 uno
879 661 1111 705 volumine
1133 662 1324 706 collecta
1345 668 1391 705 et
1407 661 1637 719 colligata,
1658 661 1736 704 ubi
1753 661 1905 705 variae

251 737 569 782 annotationes
606 745 652 782 et
683 738 1025 783 emendationes
1052 754 1190 784 manu
1220 739 1368 784 Patris
1397 739 1544 783 Nadal
1571 746 1782 783 exaratae
1813 739 1904 782 fre-

251 822 444 871 quenter
466 822 702 872 apparent,
728 822 774 860 et
794 815 936 873 ipsius
960 816 1110 861 Patris
1133 831 1243 861 cura
1269 823 1315 861 et
1342 816 1494 860 studio
1523 818 1642 860 hanc
1669 815 1904 870 collectio·-

250 907 355 936 nem
394 894 561 937 factam
600 892 742 937 fuisse
774 899 1015 938 testantur.
1049 896 1182 951 Quae
1211 894 1395 951 quidem
1423 893 1630 938 collectio
1658 893 1765 937 olim
1790 893 1908 938 inter

251 985 359 1014 mss.
385 970 627 1016 Societatis
643 972 756 1029 Jesu
784 972 956 1015 Romae
982 971 1323 1025 inveniebatur,
1354 971 1508 1028 ibique
1537 987 1636 1015 eam
1663 986 1713 1015 se
1739 970 1908 1015 vidisse

250 1047 421 1092 indicat
454 1051 507 1092 P.
544 1047 751 1106 Ignatius
785 1048 959 1102 Pinius,
996 1051 1110 1093 Acta
1141 1050 1435 1103 Sanctorum,
1471 1057 1502 1093 t.
1541 1064 1608 1094 vu
1637 1050 1752 1108 Jul.,
1788 1050 1908 1093 Acta
1985 1040 1988 1044 ⁵

251 1127 301 1171 S.
328 1125 514 1183 Ignatii,
546 1133 790 1170 comment.
824 1141 1003 1183 praev.,
1037 1142 1081 1171 n.
1116 1128 1193 1181 883
1226 1142 1350 1171 nunc
1378 1134 1530 1171 autem
1559 1127 1607 1170 in
1635 1126 1908 1170 bibliotheca

252 1203 463 1247 vaticana
484 1209 640 1247 extare
662 1218 716 1247 ex
743 1206 796 1247 Ρ.
830 1205 865 1247 F
869 1204 1076 1248 ranciseo
1099 1205 1236 1248 Ehrle
1257 1204 1539 1249 rescivimus.
1568 1207 1637 1249 En
1666 1203 1807 1248 totius
1829 1218 1906 1247 co-

252 1280 381 1336 dicis,
408 1287 454 1324 et
475 1280 762 1338 singulorum
786 1282 1110 1338 opusculorum
1133 1281 1503 1339 descriptionem:

343 1358 572 1403 Volumen
595 1357 642 1401 in
663 1360 744 1413 4⁰,
770 1358 845 1402 cui
868 1360 981 1402 haec
1004 1358 1050 1402 in
1078 1360 1214 1403 dorso
1242 1374 1380 1417 supra
1407 1361 1717 1404 membranam
1746 1358 1908 1403 inscri-

254 1435 350 1493 ptio
372 1442 557 1479 exarata
579 1442 670 1479 est:
701 1437 764 1479 «E
793 1435 798 1494 Ι
833 1448 908 1480 121
941 1436 948 1493 Ι
976 1438 1097 1481 Acta
1120 1439 1167 1480 P.
1194 1438 1252 1482 N.
1279 1439 1380 1494 Ign.
1412 1439 1418 1495 Ι
1446 1437 1675 1495 Apologia
1696 1443 1855 1481 contra
1901 1435 1908 1494 Ι

256 1515 461 1558 Fratrem
505 1513 740 1558 Pedroche
782 1513 789 1571 Ι
831 1516 894 1558 n.⁰
937 1514 994 1557 66
1037 1513 1043 1573 Ι
1086 1517 1154 1558 n.⁰
1197 1515 1254 1558 66
1297 1514 1303 1574 Ι
1346 1517 1444 1559 A...
1483 1515 1490 1574 Ι
1523 1516 1810 1560 Collectane-
1844 1515 1851 1572 Ι
1882 1529 1908 1557 a

258 1593 311 1635 P.
338 1590 517 1635 Natal.»
544 1591 595 1634 In
617 1592 774 1635 charta
794 1591 931 1635 dorso
953 1591 1256 1649 agglutinata:
1286 1594 1351 1637 «C
1378 1592 1384 1650 Ι
1415 1605 1545 1649 371.»

346 1669 443 1713 Fol.
488 1682 505 1713 1
537 1684 572 1713 r.
606 1672 724 1714 hanc
756 1676 934 1713 tantum
961 1670 1158 1727 praefert
1194 1670 1551 1728 inscriptionem:
1591 1672 1854 1730 «Melanges
1902 1670 1908 1729 Ι

261 1762 306 1790 n.
334 1747 407 1790 66.
442 1746 449 1805 Ι
483 1749 648 1791 a»—ff.
682 1759 707 1791 2
731 1754 776 1791 et
801 1761 825 1803 3
850 1762 995 1792 vacua
1017 1763 1216 1805 prorsus.
1250 1749 1346 1793 Fol.
1373 1762 1402 1804 4
1419 1749 1645 1804 additum,
1671 1756 1717 1793 et
1741 1752 1808 1805 3.ομ
1825 1764 1910 1807 ag-
1981 1745 1985 1748 ⁴

260 1824 555 1882 glutinatum,
581 1826 721 1869 habet
744 1824 790 1869 in
813 1825 1015 1869 secunda
1036 1841 1142 1883 pag.
1170 1828 1293 1870 hunc
1310 1826 1523 1881 indicem,
1543 1841 1682 1870 manu
1701 1829 1751 1871 P.
1771 1828 1910 1872 Soth-

262 1902 384 1955 well,
419 1901 471 1956 vni
508 1902 728 1956 fallimur,
764 1910 1016 1948 exaratum:
1057 1903 1190 1948 «Vita
1219 1906 1271 1948 Β.
1310 1904 1475 1962 Ignatii
1513 1919 1594 1962 per
1625 1904 1910 1949 Ludovicum

262 1979 571 2024 Consalvium.
599 1979 1033 2038 Hispanice.—Vita
1055 1982 1109 2025 B.
1130 1981 1295 2039 Ignatii
1312 1997 1392 2039 per
1409 1981 1580 2026 Annib.
1608 1983 1856 2026 Codretum
1878 1983 1907 2025 ¹.

263 2057 440 2102 Latine.
461 2083 520 2090 —
537 2058 657 2102 Acta
693 2058 844 2103 fratris
882 2058 1123 2102 Pedrochii
1160 2066 1319 2103 contra
1360 2059 1587 2104 exercitia.
1608 2085 1668 2092 -
1685 2059 1913 2117 Apologia

264 2137 322 2179 D.
350 2137 515 2179 Torres
538 2135 751 2193 Episcopi
772 2135 1061 2181 Canariensis
1082 2151 1165 2194 pro
1187 2137 1722 2195 exercitiis—Apologia
1745 2139 1793 2182 P.
1817 2138 1909 2181 Na-

267 2212 368 2258 talis
390 2227 471 2270 pro
494 2213 777 2258 Exercitiis.»

358 2292 491 2347 Quae
513 2299 666 2335 autem
688 2307 848 2349 reapse
869 2292 914 2335 in
938 2292 1099 2336 codice
1126 2292 1434 2348 continentur,
1465 2300 1573 2337 sunt
1601 2292 1853 2350 sequentia,
1887 2305 1912 2348 7

268 2368 469 2412 numeris
511 2368 740 2413 distincta.
782 2368 910 2413 Folia
945 2369 1147 2414 numeris
1183 2384 1276 2414 non
1309 2370 1582 2428 signantur,
1630 2370 1717 2414 nisi
1759 2370 1806 2413 in
1850 2373 1912 2414 2.θ

270 2447 508 2504 opusculo,
549 2446 623 2490 cui
662 2446 844 2490 titulus:
890 2447 1036 2502 «Acta
1073 2448 1296 2504 quaedam
1334 2448 1446 2494 Rdi..
1477 2463 1521 2506 p.
1562 2463 1608 2491 n.
1649 2447 1815 2505 Ignatii
1856 2448 1914 2491 de

272 2525 491 2582 Loyola»,
517 2531 604 2569 etc.

367 2602 402 2659 1)
469 2603 614 2647 «Acta
636 2617 680 2659 p.
706 2602 888 2660 Ignatii,
914 2611 965 2647 ut
993 2603 1187 2660 primum
1215 2603 1395 2661 scripsit
1422 2618 1460 2660 p.
1495 2603 1757 2651 Ludovicus
1783 2603 1915 2648 Gon-

271 2680 407 2733 zales,
433 2679 664 2736 excipiens
685 2694 742 2724 ex
763 2694 842 2724 ore
864 2680 1006 2737 ipsius
1028 2681 1214 2738 patris.»
1240 2682 1308 2725 Ita
1327 2680 1508 2738 scripsit
1540 2682 1593 2725 P.
1629 2680 1777 2725 Nadal
1808 2687 1915 2738 pro.-

272 2757 369 2814 pria
389 2772 529 2801 manu
550 2756 596 2800 in
625 2757 847 2815 superiori
876 2758 1218 2815 ora.-—Incipit:
1249 2759 1422 2802 «Hasta
1448 2759 1516 2802 los
1554 2759 1611 2802 26
1633 2764 1744 2802 afios
1773 2759 1835 2802 de>
1861 2772 1916 2802 su

273 2835 472 2878 edad...»
499 2835 596 2879 Fol.
624 2848 675 2879 10
698 2850 742 2879 v.
769 2835 1085 2891 terminantur,
1110 2850 1228 2892 quae
1244 2851 1336 2880 uno
1360 2842 1508 2880 tractu
1530 2836 1587 2880 ab
1609 2836 1768 2880 eodem
1791 2850 1916 2879 ama-

350 3023 358 3041 ¹
413 3020 690 3065 Amanuensis‚
709 3021 776 3069 qui
794 3022 890 3058 haec
908 3022 949 3058 in
966 3022 1053 3058 cod.
1074 3022 1244 3070 scripsit,
1270 3024 1333 3059 vel
1364 3023 1463 3059 alius
1486 3023 1659 3072 quidam,
1684 3021 1918 3059 cancellavit

273 3080 350 3116 duo
368 3081 465 3116 haee
483 3082 617 3126 verba,
637 3086 678 3117 et
696 3093 814 3130 supra
831 3081 988 3130 scripsit
1009 3083 1273 3125 Ludouicum,
1293 3088 1334 3119 at
1350 3073 1567 3131 perperam.
