2028 3484
191 338 195 342 ,
275 295 342 333 292
843 285 983 324 prsr.
1010 284 1055 322 P.
1082 283 1340 333 Nimim—73

371 401 435 446 13.
497 389 531 432 Il
554 390 685 433 Rmo.
710 388 878 433 nuncio
899 390 929 442 ⁴,
948 387 1009 431 mi
1025 390 1084 432 ha
1101 395 1292 446 pregato
1314 388 1647 435 intensamente
1667 389 1753 433 che
1775 387 1860 432 stia
1881 387 1911 431 il

273 475 425 524 tempo
446 468 531 512 che
552 466 674 511 staro
695 466 742 510 in
765 473 925 523 queste
946 466 1096 510 bande
1117 465 1165 510 in
1181 480 1287 511 casa
1303 481 1402 522 sua,
1421 481 1502 524 per
1518 465 1780 523 agiuttarlo,
1799 472 1908 518 etc.,

272 552 318 590 et
340 545 438 589 cusi
459 545 503 588 lo
527 544 622 588 faro
643 558 730 589 eon
751 543 782 587 il
804 559 963 601 parere
984 544 1058 588 del
1080 545 1210 587 Rmo.
1236 544 1493 599 labacense,
1518 558 1545 588 a
1573 542 1646 587 chi
1668 544 1729 587 ho
1751 544 1911 588 offerto

273 621 498 680 guidarmi
520 620 567 664 in
590 627 709 666 'tutto
730 622 804 679 pel
825 636 910 671 suo
932 621 1150 678 eonseglo
1172 628 1218 666 et
1239 636 1414 678 parere.

368 712 435 755 14.
501 700 559 744 V.
588 701 640 743 P.
665 713 717 743 sa
738 699 844 755 quel
866 698 1062 755 Signore
1083 713 1164 755 per
1185 713 1269 742 sua
1289 699 1430 742 bonta
1458 698 1520 742 mi
1547 700 1607 742 ha
1633 698 1740 742 dato
1772 697 1914 755 algun

271 792 405 823 senso
427 777 546 822 della
566 776 824 822 obedientia
847 783 892 822 et
914 775 1219 821 indifferentia
1240 777 1366 822 nella.
1379 776 1570 820 volunta
1591 775 1697 821 delli
1725 775 1814 821 mei
1835 790 1916 819 sua

270 854 450 912 periori,
476 860 522 899 et
543 868 636 898 non
657 853 718 897 mi
734 853 912 898 ricordo
929 855 1015 898 che
1030 852 1091 896 mi
1108 852 1174 898 sia
1190 853 1407 897 inclinato
1424 868 1451 897 3
1467 867 1575 898 cosa
1591 854 1762 910 alguna
1779 868 1915 898 senza

271 931 414 990 prima
435 945 653 976 conoscer
674 932 718 975 la
739 931 927 982 volunta
948 930 1022 975 del
1044 930 1294 988 superiore,
1318 946 1377 976 ne
1399 931 1560 976 adesso
1582 946 1632 976 se
1653 945 1746 975 non
1763 931 1806 975 al
1827 945 1916 988 que

273 1011 333 1053 ho
355 1015 568 1067 presente
588 1009 787 1054 secondo
808 1008 926 1057 vedo
955 1008 999 1051 la
1025 1008 1214 1052 volunta
1241 1009 1299 1054 de
1326 1009 1380 1053 V.
1412 1010 1485 1063 P.;
1511 1008 1666 1054 niente
1687 1007 1734 1052 di
1755 1022 1917 1052 manco

274 1086 429 1144 voglio
450 1085 520 1129 dir
541 1093 588 1132 et
608 1086 855 1144 responder
877 1086 1083 1139 absente,
1109 1086 1260 1142 quello
1281 1085 1395 1131 diria
1417 1101 1444 1130 3
1464 1087 1523 1131 V.
1550 1087 1603 1130 P.
1637 1085 1675 1130 si
1706 1092 1918 1143 presente

275 1163 404 1218 fassi,
429 1170 476 1209 et
497 1164 523 1208 ἑ
544 1165 629 1209 che
651 1178 701 1208 se
722 1164 780 1207 V.
809 1164 860 1206 P.
887 1162 925 1206 si
947 1161 1262 1207 determinassi
1279 1165 1365 1208 che
1381 1163 1425 1207 io
1447 1162 1631 1208 restassi
1653 1162 1700 1206 in
1721 1164 1917 1208 Germa-

275 1241 367 1296 nia,
391 1241 435 1285 io
457 1240 746 1299 responderei
769 1254 858 1296 que
874 1254 961 1284 con
978 1239 1280 1297 grandissima
1297 1241 1484 1285 volunta
1500 1255 1530 1298 y
1547 1239 1856 1285 consolatione
1873 1240 1918 1283 lo

277 1319 390 1364 faria
411 1326 457 1364 et
479 1318 733 1376 acceptaria
754 1332 841 1362 con
863 1317 1015 1362 animo
1036 1318 1211 1375 grande
1231 1319 1307 1364 nel
1329 1318 1526 1376 Signore
1553 1318 1612 1363 de
1639 1317 1871 1375 sforcarmi
1893 1333 1920 1362 a

278 1396 446 1451 seruir,
471 1402 580 1450 etc.,
612 1396 788 1442 benehe
817 1410 901 1442 son
929 1396 987 1440 de
1014 1395 1169 1441 niente
1197 1395 1429 1451 tribulato,
1459 1410 1552 1440 non
1580 1410 1667 1440 son
1695 1411 1754 1441 ne
1774 1395 1923 1453 parlar

278 1474 433 1519 niente
455 1480 501 1518 et
522 1473 567 1517 di
588 1474 706 1518 mala
727 1480 864 1518 sorte.
892 1473 926 1516 Il
948 1472 1119 1530 Signor
1141 1472 1332 1530 guidara
1360 1488 1386 1517 3
1408 1475 1466 1518 V.
1502 1476 1554 1517 P.
1587 1488 1613 1517 3
1641 1473 1791 1530 quello
1823 1474 1924 1517 sara

278 1551 420 1596 maior
446 1550 635 1596 seruitio
663 1550 709 1594 di
737 1565 821 1594 sua
857 1550 1013 1594 diuina
1049 1552 1239 1604 Maesta,
1280 1550 1383 1594 cuia
1410 1550 1719 1596 misericordia
1745 1549 1923 1594 infinita

280 1644 458 1686 sempre
479 1628 521 1672 ci
542 1627 735 1672 consorti
757 1628 876 1673 nella
898 1642 982 1671 sua
1004 1626 1152 1684 gratia
1174 1634 1220 1672 et
1241 1629 1390 1681 vertt‘i,
1411 1627 1538 1672 30οἱὁ
1559 1642 1738 1684 sempre
1759 1641 1922 1671 conos-

279 1706 425 1751 ciamo
447 1712 493 1751 et
513 1704 767 1763 compiamo
790 1720 873 1749 sua
894 1705 1083 1749 volunta
1104 1712 1262 1749 sancta
1290 1711 1336 1750 et
1367 1706 1584 1762 perfecta.
1618 1706 1784 1750 Amen.
1823 1705 1926 1751 Ora.

277 1789 366 1841 pro
393 1798 482 1837 me,
513 1785 671 1833 Pater.
703 1783 859 1826 Saluto
887 1783 937 1826 in
965 1783 1164 1826 Domino
1193 1784 1252 1826 P.
1284 1783 1553 1836 Polancum,
1586 1784 1645 1826 P.
1686 1783 1919 1835 Olauium‚

285 1864 343 1905 P.
369 1861 641 1914 Madritum,
663 1863 704 1904 et
724 1861 959 1904 vniversos
981 1860 1255 1903 nominatim
1278 1862 1319 1904 et
1341 1861 1510 1904 Patres
1537 1863 1578 1904 et
1599 1861 1792 1918 fratres,
1824 1863 1918 1903 ium

284 1940 420 1983 etiam
442 1940 705 1998 confratres
726 1951 880 1981 omnes
902 1938 1080 1996 collegii
1096 1938 1377 1995 germanici.

374 2019 445 2061 Da
467 2017 699 2074 Augusta,
726 2014 848 2071 30'di
872 2017 1028 2072 Maroo
1051 2025 1178 2071 1555.

364 2099 366 2102 ’
731 2095 800 2137 De
823 2094 880 2137 V.
909 2095 956 2136 P.
982 2106 1117 2137 seruo
1138 2092 1324 2136 minimo
1345 2092 1392 2136 in
1419 2095 1534 2150 X.0‚

1373 2170 1404 2228 †
1434 2172 1620 2216 NADAL.
1657 2171 1684 2230 †

1538 2248 1568 2306 †

375 2327 619 2384 Inscriptio
640 2326 691 2369 in
713 2329 867 2368 octava
883 2326 1082 2382 pagina:
1098 2326 1246 2383 Jesvs,
1275 2326 1334 2369 Al
1356 2326 1495 2370 molto
1517 2327 1632 2370 Rdo.
1666 2327 1712 2370 in
1741 2327 1924 2371 Christo

289 2405 436 2450 Padre
458 2404 488 2447 il
506 2406 564 2448 P.
590 2405 651 2447 M.
679 2402 857 2459 Ignatio
878 2402 936 2447 de
958 2403 1144 2459 Loyola,
1171 2402 1399 2459 preposito
1420 2405 1635 2460 generale
1650 2405 1768 2449 della
1785 2406 1924 2449 Com-

286 2483 455 2540 pagnia
476 2481 521 2525 di
538 2483 688 2540 Jesvs,
713 2479 759 2523 in
783 2481 941 2524 Roma.

375 2561 482 2603 Alia
503 2572 661 2603 manu:
689 2567 815 2612 1555.
843 2558 1072 2614 Augusta.
1100 2558 1186 2602 Del
1211 2560 1260 2602 Ρ.
1285 2559 1446 2603 Nadal.
1469 2572 1525 2614 3o
1546 2559 1591 2602 di
1616 2561 1785 2604 Marzo.

386 2637 637 2695 Vestigium
660 2634 823 2692 sigilli.

359 2807 370 2827 ¹
421 2803 633 2841 Zaccharia
651 2795 819 2839 D'elfino.
841 2788 904 2838 Cf.
924 2803 1142 2850 POLANco,
1165 2803 1329 2846 Chron.‚
1344 2804 1399 2850 ·V,
1419 2804 1465 2850 37
1482 2810 1523 2841 et
1539 2806 1623 2851 265.
