<?xml version="1.0" encoding="UTF-8"?>
<!DOCTYPE html PUBLIC "-//W3C//DTD XHTML 1.0 Transitional//EN"
    "http://www.w3.org/TR/xhtml1/DTD/xhtml1-transitional.dtd">
<html xmlns="http://www.w3.org/1999/xhtml" xml:lang="en" lang="en">
 <head>
  <title>
</title>
<meta http-equiv="Content-Type" content="text/html;charset=utf-8" />
  <meta name='ocr-system' content='tesseract 3.04.00' />
  <meta name='ocr-capabilities' content='ocr_page ocr_carea ocr_par ocr_line ocrx_word'/>
</head>
<body>
  <div class='ocr_page' id='page_1' title='image "./epistolaephieron01nadauoft_0085.png"; bbox 0 0 2046 3510; ppageno 0'>
   <div class='ocr_carea' id='block_1_1' title="bbox 883 291 1828 345">
    <p class='ocr_par' dir='ltr' id='par_1_1' title="bbox 883 291 1828 345">
     <span class='ocr_line' id='line_1_1' title="bbox 883 291 1828 345; baseline 0 -6"><span class='ocrx_word' id='word_1_1' title='bbox 883 291 1086 340; x_wconf 86' lang='lat'>1538-1545</span> <span class='ocrx_word' id='word_1_2' title='bbox 1787 307 1828 345; x_wconf 74' lang='lat'>7,</span> 
     </span>
    </p>
   </div>
   <div class='ocr_carea' id='block_1_2' title="bbox 86 386 1810 1927">
    <p class='ocr_par' dir='ltr' id='par_1_2' title="bbox 148 386 1810 1073">
     <span class='ocr_line' id='line_1_2' title="bbox 241 386 1806 452; baseline 0.003 -13"><span class='ocrx_word' id='word_1_3' title='bbox 241 407 312 439; x_wconf 88' lang='lat'>22.</span> <span class='ocrx_word' id='word_1_4' title='bbox 330 386 333 390; x_wconf 16' lang='grc' dir='ltr'><strong>Δ</strong></span> <span class='ocrx_word' id='word_1_5' title='bbox 378 394 550 452; x_wconf 84' lang='lat' dir='ltr'>Scripsi</span> <span class='ocrx_word' id='word_1_6' title='bbox 571 409 654 452; x_wconf 90' lang='lat' dir='ltr'>pro</span> <span class='ocrx_word' id='word_1_7' title='bbox 670 394 974 439; x_wconf 82' lang='lat' dir='ltr'>locationibus</span> <span class='ocrx_word' id='word_1_8' title='bbox 989 394 1163 449; x_wconf 87' lang='lat' dir='ltr'>ouium,</span> <span class='ocrx_word' id='word_1_9' title='bbox 1182 396 1338 440; x_wconf 89' lang='lat' dir='ltr'>nescio</span> <span class='ocrx_word' id='word_1_10' title='bbox 1359 412 1418 440; x_wconf 91' lang='lat' dir='ltr'>an</span> <span class='ocrx_word' id='word_1_11' title='bbox 1437 405 1573 442; x_wconf 92' lang='lat' dir='ltr'>recte.</span> <span class='ocrx_word' id='word_1_12' title='bbox 1598 400 1806 443; x_wconf 90' lang='lat' dir='ltr'>Thesau-</span> 
     </span>
     <span class='ocr_line' id='line_1_3' title="bbox 150 472 1806 534; baseline 0.002 -18"><span class='ocrx_word' id='word_1_13' title='bbox 150 473 313 528; x_wconf 85' lang='lat' dir='ltr'>rarius,</span> <span class='ocrx_word' id='word_1_14' title='bbox 340 472 456 531; x_wconf 91' lang='lat' dir='ltr'>(siue</span> <span class='ocrx_word' id='word_1_15' title='bbox 475 479 527 516; x_wconf 90' lang='lat' dir='ltr'>vt</span> <span class='ocrx_word' id='word_1_16' title='bbox 547 472 643 516; x_wconf 69' lang='lat' dir='ltr'>illic&#39;</span> <span class='ocrx_word' id='word_1_17' title='bbox 660 472 843 529; x_wconf 86' lang='lat' dir='ltr'>vocant)</span> <span class='ocrx_word' id='word_1_18' title='bbox 865 472 1057 516; x_wconf 85' lang='lat' dir='ltr'>sacrista</span> <span class='ocrx_word' id='word_1_19' title='bbox 1079 474 1422 517; x_wconf 90' lang='lat' dir='ltr'>Montannanus</span> <span class='ocrx_word' id='word_1_20' title='bbox 1448 476 1479 529; x_wconf 94' lang='lat'>¹,</span> <span class='ocrx_word' id='word_1_21' title='bbox 1505 476 1564 518; x_wconf 92' lang='lat' dir='ltr'>de</span> <span class='ocrx_word' id='word_1_22' title='bbox 1591 490 1675 519; x_wconf 90' lang='lat' dir='ltr'>sua</span> <span class='ocrx_word' id='word_1_23' title='bbox 1695 472 1806 534; x_wconf 85' lang='lat' dir='ltr'>erga</span> 
     </span>
     <span class='ocr_line' id='line_1_4' title="bbox 151 550 1809 610; baseline 0.002 -16"><span class='ocrx_word' id='word_1_24' title='bbox 151 565 225 596; x_wconf 91' lang='lat' dir='ltr'>me</span> <span class='ocrx_word' id='word_1_25' title='bbox 240 558 287 596; x_wconf 90' lang='lat' dir='ltr'>et</span> <span class='ocrx_word' id='word_1_26' title='bbox 303 551 584 595; x_wconf 90' lang='lat' dir='ltr'>auunculum</span> <span class='ocrx_word' id='word_1_27' title='bbox 601 550 939 603; x_wconf 89' lang='lat' dir='ltr'>beneuolentia,</span> <span class='ocrx_word' id='word_1_28' title='bbox 959 550 1192 595; x_wconf 84' lang='lat' dir='ltr'><strong>nitebatur</strong></span> <span class='ocrx_word' id='word_1_29' title='bbox 1207 565 1282 595; x_wconf 91' lang='lat' dir='ltr'>me</span> <span class='ocrx_word' id='word_1_30' title='bbox 1298 566 1522 599; x_wconf 84' lang='lat' dir='ltr'>recreare.</span> <span class='ocrx_word' id='word_1_31' title='bbox 1543 553 1720 610; x_wconf 92' lang='lat' dir='ltr'>Allegit</span> <span class='ocrx_word' id='word_1_32' title='bbox 1735 569 1809 598; x_wconf 90' lang='lat' dir='ltr'>me</span> 
     </span>
     <span class='ocr_line' id='line_1_5' title="bbox 149 628 1810 685; baseline 0.002 -13"><span class='ocrx_word' id='word_1_33' title='bbox 149 628 340 673; x_wconf 90' lang='lat' dir='ltr'>consilio</span> <span class='ocrx_word' id='word_1_34' title='bbox 361 628 685 685; x_wconf 83' lang='lat' dir='ltr'>inquisitionis,</span> <span class='ocrx_word' id='word_1_35' title='bbox 713 630 977 684; x_wconf 87' lang='lat' dir='ltr'>frequenter</span> <span class='ocrx_word' id='word_1_36' title='bbox 992 643 1066 672; x_wconf 94' lang='lat' dir='ltr'>me</span> <span class='ocrx_word' id='word_1_37' title='bbox 1086 629 1285 672; x_wconf 91' lang='lat' dir='ltr'>ducebat</span> <span class='ocrx_word' id='word_1_38' title='bbox 1306 630 1364 672; x_wconf 91' lang='lat' dir='ltr'>ad</span> <span class='ocrx_word' id='word_1_39' title='bbox 1382 629 1562 674; x_wconf 89' lang='lat' dir='ltr'>vineam</span> <span class='ocrx_word' id='word_1_40' title='bbox 1580 631 1810 675; x_wconf 90' lang='lat' dir='ltr'>suburba-</span> 
     </span>
     <span class='ocr_line' id='line_1_6' title="bbox 152 706 1810 763; baseline 0.001 -13"><span class='ocrx_word' id='word_1_41' title='bbox 152 722 257 750; x_wconf 85' lang='lat' dir='ltr'>nam</span> <span class='ocrx_word' id='word_1_42' title='bbox 279 713 541 759; x_wconf 92' lang='lat' dir='ltr'>coenatum,</span> <span class='ocrx_word' id='word_1_43' title='bbox 581 720 815 763; x_wconf 88' lang='lat' dir='ltr'>pransum,</span> <span class='ocrx_word' id='word_1_44' title='bbox 856 712 902 749; x_wconf 92' lang='lat' dir='ltr'>et</span> <span class='ocrx_word' id='word_1_45' title='bbox 939 719 1270 762; x_wconf 85' lang='lat' dir='ltr'><strong>nonnunquam</strong></span> <span class='ocrx_word' id='word_1_46' title='bbox 1299 706 1546 763; x_wconf 88' lang='lat' dir='ltr'>aliquando</span> <span class='ocrx_word' id='word_1_47' title='bbox 1572 708 1631 751; x_wconf 92' lang='lat' dir='ltr'>ad</span> <span class='ocrx_word' id='word_1_48' title='bbox 1660 709 1810 753; x_wconf 86' lang='lat' dir='ltr'>fratris</span> 
     </span>
     <span class='ocr_line' id='line_1_7' title="bbox 149 783 1809 841; baseline 0.001 -14"><span class='ocrx_word' id='word_1_49' title='bbox 149 784 401 841; x_wconf 81' lang='lat' dir='ltr'>praedium,</span> <span class='ocrx_word' id='word_1_50' title='bbox 426 783 631 840; x_wconf 81' lang='lat' dir='ltr'>quotidie</span> <span class='ocrx_word' id='word_1_51' title='bbox 652 785 749 827; x_wconf 88' lang='lat' dir='ltr'>fere</span> <span class='ocrx_word' id='word_1_52' title='bbox 769 784 965 827; x_wconf 90' lang='lat' dir='ltr'>vocabat</span> <span class='ocrx_word' id='word_1_53' title='bbox 986 784 1045 827; x_wconf 89' lang='lat' dir='ltr'>ad</span> <span class='ocrx_word' id='word_1_54' title='bbox 1065 784 1307 840; x_wconf 91' lang='lat' dir='ltr'>prandium</span> <span class='ocrx_word' id='word_1_55' title='bbox 1323 785 1398 828; x_wconf 87' lang='lat' dir='ltr'>vel</span> <span class='ocrx_word' id='word_1_56' title='bbox 1415 799 1622 829; x_wconf 91' lang='lat' dir='ltr'>coenam.</span> <span class='ocrx_word' id='word_1_57' title='bbox 1644 787 1696 829; x_wconf 93' lang='lat' dir='ltr'>In</span> <span class='ocrx_word' id='word_1_58' title='bbox 1711 787 1809 829; x_wconf 92' lang='lat' dir='ltr'>col-</span> 
     </span>
     <span class='ocr_line' id='line_1_8' title="bbox 149 860 1810 919; baseline 0.002 -15"><span class='ocrx_word' id='word_1_59' title='bbox 149 861 314 918; x_wconf 91' lang='lat' dir='ltr'>loquiis</span> <span class='ocrx_word' id='word_1_60' title='bbox 340 861 542 905; x_wconf 90' lang='lat' dir='ltr'>virorum</span> <span class='ocrx_word' id='word_1_61' title='bbox 570 860 886 917; x_wconf 88' lang='lat' dir='ltr'>primariorum</span> <span class='ocrx_word' id='word_1_62' title='bbox 917 875 1042 905; x_wconf 88' lang='lat' dir='ltr'>eram</span> <span class='ocrx_word' id='word_1_63' title='bbox 1072 862 1286 917; x_wconf 84' lang='lat' dir='ltr'>frequens</span> <span class='ocrx_word' id='word_1_64' title='bbox 1314 863 1437 919; x_wconf 92' lang='lat' dir='ltr'>apud</span> <span class='ocrx_word' id='word_1_65' title='bbox 1466 863 1680 917; x_wconf 90' lang='lat' dir='ltr'>eundem;</span> <span class='ocrx_word' id='word_1_66' title='bbox 1712 872 1810 907; x_wconf 91' lang='lat' dir='ltr'>erat</span> 
     </span>
     <span class='ocr_line' id='line_1_9' title="bbox 149 938 1806 996; baseline 0.002 -14"><span class='ocrx_word' id='word_1_67' title='bbox 149 939 259 982; x_wconf 90' lang='lat' dir='ltr'>mihi</span> <span class='ocrx_word' id='word_1_68' title='bbox 297 938 531 982; x_wconf 82' lang='lat' dir='ltr'>familiaris</span> <span class='ocrx_word' id='word_1_69' title='bbox 566 946 612 982; x_wconf 92' lang='lat' dir='ltr'>et</span> <span class='ocrx_word' id='word_1_70' title='bbox 650 946 812 996; x_wconf 86' lang='lat' dir='ltr'>gratus</span> <span class='ocrx_word' id='word_1_71' title='bbox 844 941 906 983; x_wconf 92' lang='lat' dir='ltr'>M.</span> <span class='ocrx_word' id='word_1_72' title='bbox 950 938 1170 982; x_wconf 90' lang='lat' dir='ltr'>Palouius</span> <span class='ocrx_word' id='word_1_73' title='bbox 1191 939 1226 993; x_wconf 79' lang='lat'>’3</span> <span class='ocrx_word' id='word_1_74' title='bbox 1251 939 1275 964; x_wconf 85' lang='lat'>*</span> <span class='ocrx_word' id='word_1_75' title='bbox 1313 939 1436 983; x_wconf 86' lang='lat' dir='ltr'>ibam</span> <span class='ocrx_word' id='word_1_76' title='bbox 1468 939 1715 995; x_wconf 91' lang='lat' dir='ltr'>aliquando</span> <span class='ocrx_word' id='word_1_77' title='bbox 1748 942 1806 985; x_wconf 90' lang='lat' dir='ltr'>ad</span> 
     </span>
     <span class='ocr_line' id='line_1_10' title="bbox 148 1016 1807 1073; baseline 0.001 -12"><span class='ocrx_word' id='word_1_78' title='bbox 148 1016 517 1061; x_wconf 90' lang='lat' dir='ltr'>amoenissimum</span> <span class='ocrx_word' id='word_1_79' title='bbox 545 1016 783 1073; x_wconf 87' lang='lat' dir='ltr'>praedium</span> <span class='ocrx_word' id='word_1_80' title='bbox 819 1031 973 1060; x_wconf 89' lang='lat' dir='ltr'>meum</span> <span class='ocrx_word' id='word_1_81' title='bbox 1001 1016 1347 1060; x_wconf 90' lang='lat' dir='ltr'>binibassanum</span> <span class='ocrx_word' id='word_1_82' title='bbox 1369 1016 1393 1041; x_wconf 81' lang='lat'>*</span> <span class='ocrx_word' id='word_1_83' title='bbox 1423 1019 1456 1072; x_wconf 69' lang='grc' dir='ltr'>ι”;</span> <span class='ocrx_word' id='word_1_84' title='bbox 1493 1020 1655 1062; x_wconf 83' lang='lat' dir='ltr'>verum</span> <span class='ocrx_word' id='word_1_85' title='bbox 1693 1018 1807 1062; x_wconf 92' lang='lat' dir='ltr'>nihil</span> 
     </span>
    </p>

    <p class='ocr_par' dir='ltr' id='par_1_3' title="bbox 128 1093 1804 1216">
     <span class='ocr_line' id='line_1_11' title="bbox 128 1093 1804 1153; baseline 0.002 -16"><span class='ocrx_word' id='word_1_86' title='bbox 128 1096 310 1138; x_wconf 74' lang='lat' dir='ltr'>vhorum</span> <span class='ocrx_word' id='word_1_87' title='bbox 347 1093 470 1138; x_wconf 87' lang='lat' dir='ltr'>illam</span> <span class='ocrx_word' id='word_1_88' title='bbox 505 1101 684 1150; x_wconf 91' lang='lat' dir='ltr'>poterat</span> <span class='ocrx_word' id='word_1_89' title='bbox 720 1093 1057 1151; x_wconf 87' lang='lat' dir='ltr'>aegritudinem</span> <span class='ocrx_word' id='word_1_90' title='bbox 1090 1093 1375 1149; x_wconf 88' lang='lat' dir='ltr'>imminuere;</span> <span class='ocrx_word' id='word_1_91' title='bbox 1411 1095 1614 1152; x_wconf 87' lang='lat' dir='ltr'>augebat</span> <span class='ocrx_word' id='word_1_92' title='bbox 1650 1096 1804 1153; x_wconf 90' lang='lat' dir='ltr'>potius</span> 
     </span>
     <span class='ocr_line' id='line_1_12' title="bbox 149 1171 931 1216; baseline 0 -2"><span class='ocrx_word' id='word_1_93' title='bbox 149 1171 350 1216; x_wconf 85' lang='lat' dir='ltr'>fastidita</span> <span class='ocrx_word' id='word_1_94' title='bbox 370 1171 593 1216; x_wconf 85' lang='lat' dir='ltr'>recreatio</span> <span class='ocrx_word' id='word_1_95' title='bbox 620 1171 931 1215; x_wconf 85' lang='lat' dir='ltr'>acerbitatem.</span> 
     </span>
    </p>

    <p class='ocr_par' dir='ltr' id='par_1_4' title="bbox 143 1248 1805 1772">
     <span class='ocr_line' id='line_1_13' title="bbox 239 1248 1805 1305; baseline 0.001 -12"><span class='ocrx_word' id='word_1_96' title='bbox 239 1262 311 1305; x_wconf 88' lang='lat'>23.</span> <span class='ocrx_word' id='word_1_97' title='bbox 378 1251 508 1293; x_wconf 91' lang='lat' dir='ltr'>Haec</span> <span class='ocrx_word' id='word_1_98' title='bbox 536 1263 678 1305; x_wconf 91' lang='lat' dir='ltr'>quum</span> <span class='ocrx_word' id='word_1_99' title='bbox 701 1263 859 1293; x_wconf 91' lang='lat' dir='ltr'>omnes</span> <span class='ocrx_word' id='word_1_100' title='bbox 878 1248 1105 1302; x_wconf 89' lang='lat' dir='ltr'>viderent,</span> <span class='ocrx_word' id='word_1_101' title='bbox 1130 1250 1256 1293; x_wconf 89' lang='lat' dir='ltr'>solus</span> <span class='ocrx_word' id='word_1_102' title='bbox 1274 1250 1494 1294; x_wconf 90' lang='lat' dir='ltr'>Palouius</span> <span class='ocrx_word' id='word_1_103' title='bbox 1509 1252 1805 1295; x_wconf 90' lang='lat' dir='ltr'>vehementer</span> 
     </span>
     <span class='ocr_line' id='line_1_14' title="bbox 146 1325 1800 1385; baseline 0.001 -15"><span class='ocrx_word' id='word_1_104' title='bbox 146 1341 196 1371; x_wconf 93' lang='lat' dir='ltr'>se</span> <span class='ocrx_word' id='word_1_105' title='bbox 217 1327 385 1370; x_wconf 88' lang='lat' dir='ltr'>mirari:</span> <span class='ocrx_word' id='word_1_106' title='bbox 410 1326 525 1370; x_wconf 88' lang='lat' dir='ltr'>dixit</span> <span class='ocrx_word' id='word_1_107' title='bbox 546 1326 656 1369; x_wconf 92' lang='lat' dir='ltr'>mihi</span> <span class='ocrx_word' id='word_1_108' title='bbox 680 1326 1026 1370; x_wconf 89' lang='lat' dir='ltr'>familiarissime</span> <span class='ocrx_word' id='word_1_109' title='bbox 1046 1325 1094 1369; x_wconf 92' lang='lat' dir='ltr'>in</span> <span class='ocrx_word' id='word_1_110' title='bbox 1115 1326 1250 1370; x_wconf 91' lang='lat' dir='ltr'>vinea</span> <span class='ocrx_word' id='word_1_111' title='bbox 1277 1327 1593 1372; x_wconf 89' lang='lat' dir='ltr'>Montannani:</span> <span class='ocrx_word' id='word_1_112' title='bbox 1618 1342 1800 1385; x_wconf 81' lang='lat' dir='ltr'>«quare,</span> 
     </span>
     <span class='ocr_line' id='line_1_15' title="bbox 146 1403 1803 1465; baseline 0 -17"><span class='ocrx_word' id='word_1_113' title='bbox 146 1419 288 1460; x_wconf 93' lang='lat' dir='ltr'>quum</span> <span class='ocrx_word' id='word_1_114' title='bbox 315 1404 431 1448; x_wconf 92' lang='lat' dir='ltr'>nihil</span> <span class='ocrx_word' id='word_1_115' title='bbox 457 1412 593 1457; x_wconf 90' lang='lat' dir='ltr'>esset,</span> <span class='ocrx_word' id='word_1_116' title='bbox 625 1419 732 1460; x_wconf 89' lang='lat' dir='ltr'>quo,</span> <span class='ocrx_word' id='word_1_117' title='bbox 772 1419 855 1461; x_wconf 91' lang='lat' dir='ltr'>pro</span> <span class='ocrx_word' id='word_1_118' title='bbox 892 1411 1040 1448; x_wconf 91' lang='lat' dir='ltr'>status</span> <span class='ocrx_word' id='word_1_119' title='bbox 1056 1403 1146 1448; x_wconf 92' lang='lat' dir='ltr'>mei</span> <span class='ocrx_word' id='word_1_120' title='bbox 1167 1403 1393 1462; x_wconf 83' lang='lat' dir='ltr'>dignitate</span> <span class='ocrx_word' id='word_1_121' title='bbox 1420 1403 1505 1465; x_wconf 85' lang='lat' dir='ltr'>[ac]</span> <span class='ocrx_word' id='word_1_122' title='bbox 1532 1420 1684 1462; x_wconf 91' lang='lat' dir='ltr'>posse,</span> <span class='ocrx_word' id='word_1_123' title='bbox 1709 1420 1803 1448; x_wconf 94' lang='lat' dir='ltr'>non</span> 
     </span>
     <span class='ocr_line' id='line_1_16' title="bbox 144 1481 1804 1540; baseline 0.001 -15"><span class='ocrx_word' id='word_1_124' title='bbox 144 1484 393 1535; x_wconf 87' lang='lat' dir='ltr'>affluerem,</span> <span class='ocrx_word' id='word_1_125' title='bbox 415 1490 567 1526; x_wconf 90' lang='lat' dir='ltr'>tamen</span> <span class='ocrx_word' id='word_1_126' title='bbox 582 1496 763 1538; x_wconf 88' lang='lat' dir='ltr'>semper</span> <span class='ocrx_word' id='word_1_127' title='bbox 778 1496 925 1525; x_wconf 90' lang='lat' dir='ltr'>essem</span> <span class='ocrx_word' id='word_1_128' title='bbox 942 1481 1084 1525; x_wconf 90' lang='lat' dir='ltr'>tristis</span> <span class='ocrx_word' id='word_1_129' title='bbox 1100 1496 1154 1525; x_wconf 90' lang='lat' dir='ltr'>ac</span> <span class='ocrx_word' id='word_1_130' title='bbox 1170 1482 1572 1526; x_wconf 89' lang='lat' dir='ltr'>melancholicus.»</span> <span class='ocrx_word' id='word_1_131' title='bbox 1593 1484 1804 1540; x_wconf 91' lang='lat' dir='ltr'>Respon-</span> 
     </span>
     <span class='ocr_line' id='line_1_17' title="bbox 143 1558 1804 1617; baseline 0.001 -15"><span class='ocrx_word' id='word_1_132' title='bbox 143 1559 191 1602; x_wconf 92' lang='lat' dir='ltr'>di</span> <span class='ocrx_word' id='word_1_133' title='bbox 212 1574 286 1603; x_wconf 90' lang='lat' dir='ltr'>me</span> <span class='ocrx_word' id='word_1_134' title='bbox 307 1559 491 1616; x_wconf 92' lang='lat' dir='ltr'>quidem</span> <span class='ocrx_word' id='word_1_135' title='bbox 507 1559 620 1603; x_wconf 91' lang='lat' dir='ltr'>illud</span> <span class='ocrx_word' id='word_1_136' title='bbox 648 1560 664 1580; x_wconf 85' lang='lat'><strong>⁴</strong></span> <span class='ocrx_word' id='word_1_137' title='bbox 694 1559 811 1603; x_wconf 92' lang='lat' dir='ltr'>scire</span> <span class='ocrx_word' id='word_1_138' title='bbox 839 1558 1034 1616; x_wconf 87' lang='lat' dir='ltr'>plenius,</span> <span class='ocrx_word' id='word_1_139' title='bbox 1065 1566 1112 1603; x_wconf 91' lang='lat' dir='ltr'>et</span> <span class='ocrx_word' id='word_1_140' title='bbox 1133 1560 1324 1617; x_wconf 88' lang='lat' dir='ltr'>grauius</span> <span class='ocrx_word' id='word_1_141' title='bbox 1351 1558 1731 1614; x_wconf 83' lang='lat' dir='ltr'>animaduertere,</span> <span class='ocrx_word' id='word_1_142' title='bbox 1757 1568 1804 1605; x_wconf 91' lang='lat' dir='ltr'>et</span> 
     </span>
     <span class='ocr_line' id='line_1_18' title="bbox 143 1636 1801 1695; baseline 0.001 -15"><span class='ocrx_word' id='word_1_143' title='bbox 143 1636 292 1695; x_wconf 90' lang='lat' dir='ltr'>magis</span> <span class='ocrx_word' id='word_1_144' title='bbox 308 1637 477 1691; x_wconf 89' lang='lat' dir='ltr'>mirari;</span> <span class='ocrx_word' id='word_1_145' title='bbox 503 1637 614 1693; x_wconf 92' lang='lat' dir='ltr'>quin</span> <span class='ocrx_word' id='word_1_146' title='bbox 636 1636 805 1694; x_wconf 92' lang='lat' dir='ltr'>potius,</span> <span class='ocrx_word' id='word_1_147' title='bbox 831 1636 869 1680; x_wconf 92' lang='lat' dir='ltr'>si</span> <span class='ocrx_word' id='word_1_148' title='bbox 891 1651 1077 1681; x_wconf 89' lang='lat' dir='ltr'>causam</span> <span class='ocrx_word' id='word_1_149' title='bbox 1098 1636 1212 1693; x_wconf 88' lang='lat' dir='ltr'>ipse,</span> <span class='ocrx_word' id='word_1_150' title='bbox 1236 1638 1311 1681; x_wconf 94' lang='lat' dir='ltr'>vel</span> <span class='ocrx_word' id='word_1_151' title='bbox 1333 1637 1485 1693; x_wconf 91' lang='lat' dir='ltr'>quiuis</span> <span class='ocrx_word' id='word_1_152' title='bbox 1514 1637 1647 1692; x_wconf 91' lang='lat' dir='ltr'>alius,</span> <span class='ocrx_word' id='word_1_153' title='bbox 1672 1652 1801 1682; x_wconf 90' lang='lat' dir='ltr'>moe—</span> 
     </span>
     <span class='ocr_line' id='line_1_19' title="bbox 143 1713 1804 1772; baseline 0.001 -15"><span class='ocrx_word' id='word_1_154' title='bbox 143 1714 258 1759; x_wconf 89' lang='lat' dir='ltr'>roris</span> <span class='ocrx_word' id='word_1_155' title='bbox 279 1714 390 1758; x_wconf 89' lang='lat' dir='ltr'>mihi</span> <span class='ocrx_word' id='word_1_156' title='bbox 410 1721 566 1771; x_wconf 90' lang='lat' dir='ltr'>posset</span> <span class='ocrx_word' id='word_1_157' title='bbox 586 1714 829 1771; x_wconf 90' lang='lat' dir='ltr'>explicare,</span> <span class='ocrx_word' id='word_1_158' title='bbox 854 1713 968 1756; x_wconf 89' lang='lat' dir='ltr'>nihil</span> <span class='ocrx_word' id='word_1_159' title='bbox 989 1713 1099 1757; x_wconf 91' lang='lat' dir='ltr'>mihi</span> <span class='ocrx_word' id='word_1_160' title='bbox 1127 1729 1263 1771; x_wconf 87' lang='lat' dir='ltr'>posse</span> <span class='ocrx_word' id='word_1_161' title='bbox 1289 1714 1560 1772; x_wconf 87' lang='lat' dir='ltr'>contingere</span> <span class='ocrx_word' id='word_1_162' title='bbox 1587 1722 1804 1772; x_wconf 91' lang='lat' dir='ltr'>peropta-</span> 
     </span>
    </p>

    <p class='ocr_par' dir='ltr' id='par_1_5' title="bbox 86 1781 1796 1927">
     <span class='ocr_line' id='line_1_20' title="bbox 86 1781 1302 1849; baseline 0.001 -14"><span class='ocrx_word' id='word_1_163' title='bbox 86 1781 98 1789; x_wconf 54' lang='lat'>⁶</span> <span class='ocrx_word' id='word_1_164' title='bbox 146 1792 253 1846; x_wconf 84' lang='lat' dir='ltr'>tius,</span> <span class='ocrx_word' id='word_1_165' title='bbox 278 1807 364 1836; x_wconf 91' lang='lat' dir='ltr'>nec</span> <span class='ocrx_word' id='word_1_166' title='bbox 386 1791 435 1835; x_wconf 92' lang='lat' dir='ltr'>in</span> <span class='ocrx_word' id='word_1_167' title='bbox 455 1807 547 1848; x_wconf 94' lang='lat' dir='ltr'>quo</span> <span class='ocrx_word' id='word_1_168' title='bbox 569 1792 717 1836; x_wconf 91' lang='lat' dir='ltr'>maius</span> <span class='ocrx_word' id='word_1_169' title='bbox 738 1793 857 1836; x_wconf 92' lang='lat' dir='ltr'>bene</span> <span class='ocrx_word' id='word_1_170' title='bbox 878 1791 1086 1849; x_wconf 91' lang='lat' dir='ltr'>accipere</span> <span class='ocrx_word' id='word_1_171' title='bbox 1106 1806 1302 1849; x_wconf 89' lang='lat' dir='ltr'>possem.</span> 
     </span>
     <span class='ocr_line' id='line_1_21' title="bbox 237 1868 1796 1927; baseline -0.001 -14"><span class='ocrx_word' id='word_1_172' title='bbox 237 1882 309 1924; x_wconf 88' lang='lat'>24.</span> <span class='ocrx_word' id='word_1_173' title='bbox 375 1869 514 1914; x_wconf 90' lang='lat' dir='ltr'>Venit</span> <span class='ocrx_word' id='word_1_174' title='bbox 543 1884 700 1914; x_wconf 86' lang='lat' dir='ltr'>caesar</span> <span class='ocrx_word' id='word_1_175' title='bbox 737 1870 930 1914; x_wconf 88' lang='lat' dir='ltr'>Carolus</span> <span class='ocrx_word' id='word_1_176' title='bbox 959 1868 1200 1913; x_wconf 89' lang='lat' dir='ltr'>Maioricas</span> <span class='ocrx_word' id='word_1_177' title='bbox 1228 1870 1260 1922; x_wconf 80' lang='lat'>⁵,</span> <span class='ocrx_word' id='word_1_178' title='bbox 1292 1869 1519 1927; x_wconf 89' lang='lat' dir='ltr'>navigans</span> <span class='ocrx_word' id='word_1_179' title='bbox 1545 1870 1603 1913; x_wconf 91' lang='lat' dir='ltr'>ad</span> <span class='ocrx_word' id='word_1_180' title='bbox 1624 1869 1796 1913; x_wconf 90' lang='lat' dir='ltr'>bellum</span> 
     </span>
    </p>
   </div>
   <div class='ocr_carea' id='block_1_3' title="bbox 146 1989 413 1995">
    <p class='ocr_par' dir='ltr' id='par_1_6' title="bbox 146 1989 413 1995">
     <span class='ocr_line' id='line_1_22' title="bbox 146 1989 413 1995; baseline 0 0"><span class='ocrx_word' id='word_1_181' title='bbox 146 1989 413 1995; x_wconf 95' lang='lat' dir='ltr'> </span> 
     </span>
    </p>
   </div>
   <div class='ocr_carea' id='block_1_4' title="bbox 140 2048 1799 2214">
    <p class='ocr_par' dir='ltr' id='par_1_7' title="bbox 140 2048 1799 2214">
     <span class='ocr_line' id='line_1_23' title="bbox 214 2048 1799 2096; baseline 0 -11"><span class='ocrx_word' id='word_1_182' title='bbox 214 2052 226 2072; x_wconf 91' lang='lat'>¹</span> <span class='ocrx_word' id='word_1_183' title='bbox 278 2049 502 2085; x_wconf 84' lang='lat' dir='ltr'>«Sacristan</span> <span class='ocrx_word' id='word_1_184' title='bbox 514 2061 541 2096; x_wconf 94' lang='lat' dir='ltr'><strong>y</strong></span> <span class='ocrx_word' id='word_1_185' title='bbox 554 2049 748 2095; x_wconf 79' lang='lat' dir='ltr'>canonigo</span> <span class='ocrx_word' id='word_1_186' title='bbox 762 2049 829 2084; x_wconf 87' lang='lat' dir='ltr'>fue</span> <span class='ocrx_word' id='word_1_187' title='bbox 843 2048 893 2084; x_wconf 90' lang='lat' dir='ltr'>de</span> <span class='ocrx_word' id='word_1_188' title='bbox 911 2054 998 2084; x_wconf 90' lang='lat' dir='ltr'>esta</span> <span class='ocrx_word' id='word_1_189' title='bbox 1011 2054 1125 2084; x_wconf 90' lang='lat' dir='ltr'>santa</span> <span class='ocrx_word' id='word_1_190' title='bbox 1142 2050 1289 2095; x_wconf 90' lang='lat' dir='ltr'>Iglesia</span> <span class='ocrx_word' id='word_1_191' title='bbox 1306 2050 1342 2085; x_wconf 91' lang='lat' dir='ltr'>el</span> <span class='ocrx_word' id='word_1_192' title='bbox 1361 2050 1432 2085; x_wconf 89' lang='lat' dir='ltr'>Dr.</span> <span class='ocrx_word' id='word_1_193' title='bbox 1447 2049 1608 2085; x_wconf 88' lang='lat' dir='ltr'>Nicolas</span> <span class='ocrx_word' id='word_1_194' title='bbox 1625 2049 1676 2085; x_wconf 90' lang='lat' dir='ltr'>de</span> <span class='ocrx_word' id='word_1_195' title='bbox 1690 2049 1799 2084; x_wconf 91' lang='lat' dir='ltr'>Mon-</span> 
     </span>
     <span class='ocr_line' id='line_1_24' title="bbox 141 2108 1799 2157; baseline -0.001 -11"><span class='ocrx_word' id='word_1_196' title='bbox 141 2113 279 2146; x_wconf 78' lang='lat' dir='ltr'>tafians</span> <span class='ocrx_word' id='word_1_197' title='bbox 297 2122 324 2157; x_wconf 88' lang='lat' dir='ltr'>y</span> <span class='ocrx_word' id='word_1_198' title='bbox 340 2109 503 2156; x_wconf 87' lang='lat' dir='ltr'>Berard,</span> <span class='ocrx_word' id='word_1_199' title='bbox 521 2121 598 2156; x_wconf 92' lang='lat' dir='ltr'>que</span> <span class='ocrx_word' id='word_1_200' title='bbox 615 2108 683 2145; x_wconf 79' lang='lat' dir='ltr'>fue</span> <span class='ocrx_word' id='word_1_201' title='bbox 707 2108 926 2156; x_wconf 91' lang='lat' dir='ltr'>inquisidor</span> <span class='ocrx_word' id='word_1_202' title='bbox 955 2109 1005 2144; x_wconf 93' lang='lat' dir='ltr'>de</span> <span class='ocrx_word' id='word_1_203' title='bbox 1023 2114 1110 2144; x_wconf 90' lang='lat' dir='ltr'>este</span> <span class='ocrx_word' id='word_1_204' title='bbox 1131 2109 1243 2145; x_wconf 90' lang='lat' dir='ltr'>reino</span> <span class='ocrx_word' id='word_1_205' title='bbox 1260 2122 1288 2157; x_wconf 92' lang='lat' dir='ltr'>y</span> <span class='ocrx_word' id='word_1_206' title='bbox 1312 2109 1480 2145; x_wconf 77' lang='lat' dir='ltr'>escribio</span> <span class='ocrx_word' id='word_1_207' title='bbox 1505 2109 1799 2145; x_wconf 87' lang='lat' dir='ltr'>doetamente.»</span> 
     </span>
     <span class='ocr_line' id='line_1_25' title="bbox 140 2167 1799 2214; baseline -0.001 -10"><span class='ocrx_word' id='word_1_208' title='bbox 140 2168 456 2214; x_wconf 78' lang='lat' dir='ltr'>DAMETo-MUT,</span> <span class='ocrx_word' id='word_1_209' title='bbox 474 2167 582 2203; x_wconf 79' lang='lat' dir='ltr'>Hist.</span> <span class='ocrx_word' id='word_1_210' title='bbox 601 2168 650 2203; x_wconf 84' lang='lat' dir='ltr'>de</span> <span class='ocrx_word' id='word_1_211' title='bbox 664 2167 880 2209; x_wconf 87' lang='lat' dir='ltr'>Mallorca,</span> <span class='ocrx_word' id='word_1_212' title='bbox 901 2172 930 2202; x_wconf 91' lang='lat' dir='ltr'>t.</span> <span class='ocrx_word' id='word_1_213' title='bbox 950 2167 1022 2212; x_wconf 94' lang='grc' dir='ltr'>ΙΙΙ,</span> <span class='ocrx_word' id='word_1_214' title='bbox 1041 2167 1069 2202; x_wconf 93' lang='lat' dir='ltr'>l.</span> <span class='ocrx_word' id='word_1_215' title='bbox 1089 2168 1159 2212; x_wconf 94' lang='lat' dir='ltr'>XI,</span> <span class='ocrx_word' id='word_1_216' title='bbox 1179 2179 1214 2203; x_wconf 93' lang='lat' dir='ltr'>c.</span> <span class='ocrx_word' id='word_1_217' title='bbox 1234 2167 1270 2203; x_wconf 90' lang='lat'>3.</span> <span class='ocrx_word' id='word_1_218' title='bbox 1292 2168 1336 2202; x_wconf 93' lang='lat' dir='ltr'>In</span> <span class='ocrx_word' id='word_1_219' title='bbox 1354 2167 1677 2203; x_wconf 88' lang='lat' dir='ltr'>annotationibus</span> <span class='ocrx_word' id='word_1_220' title='bbox 1703 2178 1799 2202; x_wconf 88' lang='lat' dir='ltr'>vero</span> 
     </span>
    </p>
   </div>
   <div class='ocr_carea' id='block_1_5' title="bbox 140 2226 1801 2454">
    <p class='ocr_par' dir='ltr' id='par_1_8' title="bbox 140 2226 1801 2454">
     <span class='ocr_line' id='line_1_26' title="bbox 140 2226 1799 2275; baseline -0.001 -12"><span class='ocrx_word' id='word_1_221' title='bbox 140 2228 256 2274; x_wconf 90' lang='lat' dir='ltr'>hujus</span> <span class='ocrx_word' id='word_1_222' title='bbox 275 2227 420 2275; x_wconf 87' lang='lat' dir='ltr'>operis,</span> <span class='ocrx_word' id='word_1_223' title='bbox 438 2239 540 2274; x_wconf 89' lang='lat' dir='ltr'>quae</span> <span class='ocrx_word' id='word_1_224' title='bbox 565 2231 659 2263; x_wconf 89' lang='lat' dir='ltr'>sunt</span> <span class='ocrx_word' id='word_1_225' title='bbox 685 2227 726 2262; x_wconf 94' lang='lat' dir='ltr'>in</span> <span class='ocrx_word' id='word_1_226' title='bbox 755 2228 835 2262; x_wconf 91' lang='lat' dir='ltr'>vol.</span> <span class='ocrx_word' id='word_1_227' title='bbox 868 2227 920 2271; x_wconf 95' lang='lat' dir='ltr'>II,</span> <span class='ocrx_word' id='word_1_228' title='bbox 951 2228 1050 2263; x_wconf 92' lang='lat' dir='ltr'>haec</span> <span class='ocrx_word' id='word_1_229' title='bbox 1067 2227 1117 2263; x_wconf 92' lang='lat' dir='ltr'>de</span> <span class='ocrx_word' id='word_1_230' title='bbox 1136 2229 1309 2263; x_wconf 92' lang='lat' dir='ltr'>Doctore</span> <span class='ocrx_word' id='word_1_231' title='bbox 1339 2228 1588 2272; x_wconf 73' lang='lat' dir='ltr'>Montafians,</span> <span class='ocrx_word' id='word_1_232' title='bbox 1607 2238 1697 2274; x_wconf 86' lang='lat' dir='ltr'>pag.</span> <span class='ocrx_word' id='word_1_233' title='bbox 1713 2226 1799 2272; x_wconf 82' lang='lat'>655,</span> 
     </span>
     <span class='ocr_line' id='line_1_27' title="bbox 151 2285 1800 2334; baseline -0.002 -11"><span class='ocrx_word' id='word_1_234' title='bbox 151 2286 414 2334; x_wconf 85' lang='lat' dir='ltr'>reperiuntur:</span> <span class='ocrx_word' id='word_1_235' title='bbox 444 2288 518 2322; x_wconf 90' lang='lat' dir='ltr'>«D.</span> <span class='ocrx_word' id='word_1_236' title='bbox 546 2286 706 2322; x_wconf 86' lang='lat' dir='ltr'>Nicolas</span> <span class='ocrx_word' id='word_1_237' title='bbox 720 2287 954 2322; x_wconf 76' lang='lat' dir='ltr'>Montafians</span> <span class='ocrx_word' id='word_1_238' title='bbox 980 2298 1007 2333; x_wconf 91' lang='lat' dir='ltr'><strong>y</strong></span> <span class='ocrx_word' id='word_1_239' title='bbox 1021 2287 1182 2331; x_wconf 88' lang='lat' dir='ltr'>Berard,</span> <span class='ocrx_word' id='word_1_240' title='bbox 1202 2287 1354 2322; x_wconf 85' lang='lat' dir='ltr'>natural</span> <span class='ocrx_word' id='word_1_241' title='bbox 1372 2286 1422 2322; x_wconf 92' lang='lat' dir='ltr'>de</span> <span class='ocrx_word' id='word_1_242' title='bbox 1446 2287 1582 2322; x_wconf 88' lang='lat' dir='ltr'>Palma</span> <span class='ocrx_word' id='word_1_243' title='bbox 1599 2289 1621 2322; x_wconf 81' lang='lat' dir='ltr'>e</span> <span class='ocrx_word' id='word_1_244' title='bbox 1651 2286 1732 2332; x_wconf 93' lang='lat' dir='ltr'>hijo</span> <span class='ocrx_word' id='word_1_245' title='bbox 1750 2285 1800 2320; x_wconf 92' lang='lat' dir='ltr'>de</span> 
     </span>
     <span class='ocr_line' id='line_1_28' title="bbox 140 2345 1801 2394; baseline -0.001 -12"><span class='ocrx_word' id='word_1_246' title='bbox 140 2359 219 2382; x_wconf 89' lang='lat' dir='ltr'>una</span> <span class='ocrx_word' id='word_1_247' title='bbox 240 2346 388 2382; x_wconf 89' lang='lat' dir='ltr'>familia</span> <span class='ocrx_word' id='word_1_248' title='bbox 417 2346 655 2382; x_wconf 80' lang='lat' dir='ltr'>nobilisima.</span> <span class='ocrx_word' id='word_1_249' title='bbox 688 2347 771 2382; x_wconf 89' lang='lat' dir='ltr'>Fue</span> <span class='ocrx_word' id='word_1_250' title='bbox 794 2351 924 2382; x_wconf 87' lang='lat' dir='ltr'>rector</span> <span class='ocrx_word' id='word_1_251' title='bbox 942 2346 991 2382; x_wconf 94' lang='lat' dir='ltr'>de</span> <span class='ocrx_word' id='word_1_252' title='bbox 1009 2347 1047 2382; x_wconf 88' lang='lat' dir='ltr'>la</span> <span class='ocrx_word' id='word_1_253' title='bbox 1064 2346 1271 2394; x_wconf 85' lang='lat' dir='ltr'>parroquia</span> <span class='ocrx_word' id='word_1_254' title='bbox 1295 2346 1345 2382; x_wconf 93' lang='lat' dir='ltr'>de</span> <span class='ocrx_word' id='word_1_255' title='bbox 1368 2347 1566 2391; x_wconf 90' lang='lat' dir='ltr'>Manacor,</span> <span class='ocrx_word' id='word_1_256' title='bbox 1591 2345 1801 2394; x_wconf 88' lang='lat' dir='ltr'>posterior-</span> 
     </span>
     <span class='ocr_line' id='line_1_29' title="bbox 143 2405 1799 2454; baseline -0.001 -11"><span class='ocrx_word' id='word_1_257' title='bbox 143 2411 276 2443; x_wconf 91' lang='lat' dir='ltr'>mente</span> <span class='ocrx_word' id='word_1_258' title='bbox 293 2406 458 2442; x_wconf 88' lang='lat' dir='ltr'>sacrista</span> <span class='ocrx_word' id='word_1_259' title='bbox 473 2418 500 2453; x_wconf 91' lang='lat' dir='ltr'><strong>y</strong></span> <span class='ocrx_word' id='word_1_260' title='bbox 517 2406 711 2452; x_wconf 79' lang='lat' dir='ltr'>canonigo</span> <span class='ocrx_word' id='word_1_261' title='bbox 734 2405 784 2441; x_wconf 91' lang='lat' dir='ltr'>de</span> <span class='ocrx_word' id='word_1_262' title='bbox 803 2411 965 2442; x_wconf 88' lang='lat' dir='ltr'>nuestra</span> <span class='ocrx_word' id='word_1_263' title='bbox 981 2406 1169 2451; x_wconf 89' lang='lat' dir='ltr'>catedral,</span> <span class='ocrx_word' id='word_1_264' title='bbox 1187 2418 1214 2454; x_wconf 88' lang='lat' dir='ltr'><strong>y</strong></span> <span class='ocrx_word' id='word_1_265' title='bbox 1232 2418 1303 2454; x_wconf 91' lang='lat' dir='ltr'>por</span> <span class='ocrx_word' id='word_1_266' title='bbox 1320 2406 1459 2442; x_wconf 76' lang='lat' dir='ltr'>ultimo</span> <span class='ocrx_word' id='word_1_267' title='bbox 1477 2406 1620 2442; x_wconf 88' lang='lat' dir='ltr'>creado</span> <span class='ocrx_word' id='word_1_268' title='bbox 1638 2405 1799 2453; x_wconf 85' lang='lat' dir='ltr'>inquisi—</span> 
     </span>
    </p>
   </div>
   <div class='ocr_carea' id='block_1_6' title="bbox 144 2466 1796 2572">
    <p class='ocr_par' dir='ltr' id='par_1_9' title="bbox 144 2466 1796 2572">
     <span class='ocr_line' id='line_1_30' title="bbox 144 2466 883 2511; baseline -0.004 -9"><span class='ocrx_word' id='word_1_269' title='bbox 144 2466 215 2502; x_wconf 92' lang='lat' dir='ltr'>dor</span> <span class='ocrx_word' id='word_1_270' title='bbox 231 2466 282 2502; x_wconf 92' lang='lat' dir='ltr'>de</span> <span class='ocrx_word' id='word_1_271' title='bbox 299 2471 385 2502; x_wconf 92' lang='lat' dir='ltr'>este</span> <span class='ocrx_word' id='word_1_272' title='bbox 401 2466 513 2502; x_wconf 92' lang='lat' dir='ltr'>reino</span> <span class='ocrx_word' id='word_1_273' title='bbox 531 2477 582 2501; x_wconf 92' lang='lat' dir='ltr'>en</span> <span class='ocrx_word' id='word_1_274' title='bbox 600 2466 636 2501; x_wconf 84' lang='lat' dir='ltr'>el</span> <span class='ocrx_word' id='word_1_275' title='bbox 656 2469 732 2501; x_wconf 74' lang='lat' dir='ltr'>ano</span> <span class='ocrx_word' id='word_1_276' title='bbox 753 2473 883 2511; x_wconf 87' lang='lat'><strong>1541.»</strong></span> 
     </span>
     <span class='ocr_line' id='line_1_31' title="bbox 214 2523 1796 2572; baseline -0.001 -12"><span class='ocrx_word' id='word_1_277' title='bbox 214 2527 230 2547; x_wconf 75' lang='lat'>¹</span> <span class='ocrx_word' id='word_1_278' title='bbox 280 2524 382 2572; x_wconf 80' lang='lat' dir='ltr'>Quis</span> <span class='ocrx_word' id='word_1_279' title='bbox 398 2524 519 2560; x_wconf 90' lang='lat' dir='ltr'>fuerit</span> <span class='ocrx_word' id='word_1_280' title='bbox 535 2524 599 2560; x_wconf 93' lang='lat' dir='ltr'>hic</span> <span class='ocrx_word' id='word_1_281' title='bbox 617 2525 670 2559; x_wconf 92' lang='lat' dir='ltr'>M.</span> <span class='ocrx_word' id='word_1_282' title='bbox 690 2524 891 2569; x_wconf 90' lang='lat' dir='ltr'>Palovius,</span> <span class='ocrx_word' id='word_1_283' title='bbox 910 2535 989 2560; x_wconf 90' lang='lat' dir='ltr'>non</span> <span class='ocrx_word' id='word_1_284' title='bbox 1006 2529 1116 2559; x_wconf 91' lang='lat' dir='ltr'>certo</span> <span class='ocrx_word' id='word_1_285' title='bbox 1134 2525 1248 2560; x_wconf 88' lang='lat' dir='ltr'>nobis</span> <span class='ocrx_word' id='word_1_286' title='bbox 1277 2530 1446 2561; x_wconf 87' lang='lat' dir='ltr'>constat.</span> <span class='ocrx_word' id='word_1_287' title='bbox 1473 2523 1715 2571; x_wconf 88' lang='lat' dir='ltr'>Conjicimus</span> <span class='ocrx_word' id='word_1_288' title='bbox 1740 2529 1796 2558; x_wconf 86' lang='lat' dir='ltr'>ta-</span> 
     </span>
    </p>
   </div>
   <div class='ocr_carea' id='block_1_7' title="bbox 142 2584 1797 2691">
    <p class='ocr_par' dir='ltr' id='par_1_10' title="bbox 142 2584 1797 2691">
     <span class='ocr_line' id='line_1_32' title="bbox 143 2584 1792 2631; baseline -0.002 -11"><span class='ocrx_word' id='word_1_289' title='bbox 143 2597 235 2620; x_wconf 90' lang='lat' dir='ltr'>men</span> <span class='ocrx_word' id='word_1_290' title='bbox 251 2585 315 2620; x_wconf 92' lang='lat' dir='ltr'>hic</span> <span class='ocrx_word' id='word_1_291' title='bbox 327 2585 392 2631; x_wconf 90' lang='lat' dir='ltr'>agi</span> <span class='ocrx_word' id='word_1_292' title='bbox 404 2585 454 2620; x_wconf 89' lang='lat' dir='ltr'>de</span> <span class='ocrx_word' id='word_1_293' title='bbox 469 2586 642 2620; x_wconf 86' lang='lat' dir='ltr'>Doctore</span> <span class='ocrx_word' id='word_1_294' title='bbox 657 2585 807 2630; x_wconf 90' lang='lat' dir='ltr'>Jacobo</span> <span class='ocrx_word' id='word_1_295' title='bbox 821 2585 957 2628; x_wconf 90' lang='lat' dir='ltr'>Palou,</span> <span class='ocrx_word' id='word_1_296' title='bbox 973 2584 1023 2619; x_wconf 90' lang='lat' dir='ltr'>de</span> <span class='ocrx_word' id='word_1_297' title='bbox 1036 2596 1115 2631; x_wconf 92' lang='lat' dir='ltr'>quo</span> <span class='ocrx_word' id='word_1_298' title='bbox 1127 2585 1226 2620; x_wconf 90' lang='lat' dir='ltr'>haec</span> <span class='ocrx_word' id='word_1_299' title='bbox 1243 2585 1381 2621; x_wconf 90' lang='lat' dir='ltr'>scribit</span> <span class='ocrx_word' id='word_1_300' title='bbox 1395 2585 1543 2626; x_wconf 70' lang='lat' dir='ltr'>FURR&#39;),</span> <span class='ocrx_word' id='word_1_301' title='bbox 1559 2584 1792 2625; x_wconf 83' lang='lat' dir='ltr'>Memorias,</span> 
     </span>
     <span class='ocr_line' id='line_1_33' title="bbox 142 2641 1797 2691; baseline -0.001 -12"><span class='ocrx_word' id='word_1_302' title='bbox 142 2655 233 2691; x_wconf 85' lang='lat' dir='ltr'>pag.</span> <span class='ocrx_word' id='word_1_303' title='bbox 257 2653 337 2689; x_wconf 88' lang='lat'><strong>142.</strong></span> <span class='ocrx_word' id='word_1_304' title='bbox 358 2644 604 2680; x_wconf 76' lang='lat' dir='ltr'>«Pronuncio</span> <span class='ocrx_word' id='word_1_305' title='bbox 622 2655 700 2680; x_wconf 90' lang='lat' dir='ltr'>una</span> <span class='ocrx_word' id='word_1_306' title='bbox 717 2645 902 2690; x_wconf 88' lang='lat' dir='ltr'>elegante</span> <span class='ocrx_word' id='word_1_307' title='bbox 926 2643 1085 2679; x_wconf 91' lang='lat' dir='ltr'>oracion</span> <span class='ocrx_word' id='word_1_308' title='bbox 1109 2655 1159 2679; x_wconf 93' lang='lat' dir='ltr'>en</span> <span class='ocrx_word' id='word_1_309' title='bbox 1182 2645 1306 2680; x_wconf 92' lang='lat' dir='ltr'>honor</span> <span class='ocrx_word' id='word_1_310' title='bbox 1329 2645 1393 2680; x_wconf 92' lang='lat' dir='ltr'>del</span> <span class='ocrx_word' id='word_1_311' title='bbox 1417 2643 1571 2679; x_wconf 84' lang='lat' dir='ltr'>difunto</span> <span class='ocrx_word' id='word_1_312' title='bbox 1596 2641 1797 2688; x_wconf 87' lang='lat' dir='ltr'>(Gregorii</span> 
     </span>
    </p>
   </div>
   <div class='ocr_carea' id='block_1_8' title="bbox 142 2701 1866 2750">
    <p class='ocr_par' dir='ltr' id='par_1_11' title="bbox 142 2701 1866 2750">
     <span class='ocr_line' id='line_1_34' title="bbox 142 2701 1866 2750; baseline -0.003 -10"><span class='ocrx_word' id='word_1_313' title='bbox 142 2703 368 2746; x_wconf 88' lang='lat' dir='ltr'>Genovard,</span> <span class='ocrx_word' id='word_1_314' title='bbox 388 2703 584 2749; x_wconf 90' lang='lat' dir='ltr'>canonici)</span> <span class='ocrx_word' id='word_1_315' title='bbox 601 2705 728 2748; x_wconf 15' lang='lat' dir='ltr'>equr.</span> <span class='ocrx_word' id='word_1_316' title='bbox 749 2704 799 2739; x_wconf 93' lang='lat' dir='ltr'>D.</span> <span class='ocrx_word' id='word_1_317' title='bbox 829 2705 970 2750; x_wconf 89' lang='lat' dir='ltr'>Jayme</span> <span class='ocrx_word' id='word_1_318' title='bbox 994 2703 1155 2738; x_wconf 87' lang='lat' dir='ltr'>Palou.»</span> <span class='ocrx_word' id='word_1_319' title='bbox 1186 2705 1307 2740; x_wconf 91' lang='lat' dir='ltr'>Porro</span> <span class='ocrx_word' id='word_1_320' title='bbox 1332 2703 1550 2750; x_wconf 87' lang='lat' dir='ltr'>Gregorius</span> <span class='ocrx_word' id='word_1_321' title='bbox 1568 2701 1796 2745; x_wconf 83' lang='lat' dir='ltr'>Genovard,</span> <span class='ocrx_word' id='word_1_322' title='bbox 1863 2728 1866 2730; x_wconf 92' lang='lat'><strong>.</strong></span> 
     </span>
    </p>
   </div>
   <div class='ocr_carea' id='block_1_9' title="bbox 139 2761 1800 3166">
    <p class='ocr_par' dir='ltr' id='par_1_12' title="bbox 139 2761 1795 2987">
     <span class='ocr_line' id='line_1_35' title="bbox 140 2761 1795 2810; baseline -0.002 -11"><span class='ocrx_word' id='word_1_323' title='bbox 140 2763 319 2810; x_wconf 84' lang='lat' dir='ltr'>piisimus</span> <span class='ocrx_word' id='word_1_324' title='bbox 336 2763 398 2798; x_wconf 92' lang='lat' dir='ltr'>vir</span> <span class='ocrx_word' id='word_1_325' title='bbox 414 2768 455 2799; x_wconf 89' lang='lat' dir='ltr'>et</span> <span class='ocrx_word' id='word_1_326' title='bbox 472 2763 657 2799; x_wconf 86' lang='lat' dir='ltr'>fundator</span> <span class='ocrx_word' id='word_1_327' title='bbox 675 2775 753 2798; x_wconf 91' lang='lat' dir='ltr'>una</span> <span class='ocrx_word' id='word_1_328' title='bbox 769 2774 859 2798; x_wconf 90' lang='lat' dir='ltr'>cum</span> <span class='ocrx_word' id='word_1_329' title='bbox 878 2763 980 2799; x_wconf 88' lang='lat' dir='ltr'>Ven.</span> <span class='ocrx_word' id='word_1_330' title='bbox 999 2763 1204 2799; x_wconf 89' lang='lat' dir='ltr'>Elisabeth</span> <span class='ocrx_word' id='word_1_331' title='bbox 1222 2764 1344 2808; x_wconf 82' lang='lat' dir='ltr'>Cisra,</span> <span class='ocrx_word' id='word_1_332' title='bbox 1363 2763 1536 2809; x_wconf 87' lang='lat' dir='ltr'>collegii,</span> <span class='ocrx_word' id='word_1_333' title='bbox 1560 2761 1656 2796; x_wconf 90' lang='lat' dir='ltr'>dicti</span> <span class='ocrx_word' id='word_1_334' title='bbox 1679 2762 1727 2796; x_wconf 87' lang='lat' dir='ltr'>de</span> <span class='ocrx_word' id='word_1_335' title='bbox 1751 2761 1795 2796; x_wconf 85' lang='lat' dir='ltr'>la</span> 
     </span>
     <span class='ocr_line' id='line_1_36' title="bbox 142 2820 1792 2869; baseline -0.002 -11"><span class='ocrx_word' id='word_1_336' title='bbox 142 2823 334 2865; x_wconf 80' lang='lat' dir='ltr'>Crianza,</span> <span class='ocrx_word' id='word_1_337' title='bbox 353 2823 527 2858; x_wconf 89' lang='lat' dir='ltr'>decessit</span> <span class='ocrx_word' id='word_1_338' title='bbox 545 2824 704 2859; x_wconf 89' lang='lat' dir='ltr'>Palmae</span> <span class='ocrx_word' id='word_1_339' title='bbox 728 2822 952 2869; x_wconf 87' lang='lat' dir='ltr'>Majoricae,</span> <span class='ocrx_word' id='word_1_340' title='bbox 975 2831 1018 2868; x_wconf 87' lang='lat'>15</span> <span class='ocrx_word' id='word_1_341' title='bbox 1037 2823 1270 2860; x_wconf 86' lang='lat' dir='ltr'>Decembris</span> <span class='ocrx_word' id='word_1_342' title='bbox 1292 2823 1396 2869; x_wconf 85' lang='lat'><strong>1533.</strong></span> <span class='ocrx_word' id='word_1_343' title='bbox 1417 2822 1518 2858; x_wconf 90' lang='lat' dir='ltr'>Vide</span> <span class='ocrx_word' id='word_1_344' title='bbox 1537 2820 1652 2867; x_wconf 86' lang='lat' dir='ltr'>infra,</span> <span class='ocrx_word' id='word_1_345' title='bbox 1671 2833 1710 2856; x_wconf 92' lang='lat' dir='ltr'>n.</span> <span class='ocrx_word' id='word_1_346' title='bbox 1730 2828 1792 2866; x_wconf 89' lang='lat'>27,</span> 
     </span>
     <span class='ocr_line' id='line_1_37' title="bbox 139 2879 1793 2927; baseline -0.002 -11"><span class='ocrx_word' id='word_1_347' title='bbox 139 2881 207 2917; x_wconf 91' lang='lat' dir='ltr'>ubi</span> <span class='ocrx_word' id='word_1_348' title='bbox 224 2882 274 2916; x_wconf 92' lang='lat' dir='ltr'>ab</span> <span class='ocrx_word' id='word_1_349' title='bbox 291 2881 417 2917; x_wconf 88' lang='lat' dir='ltr'>amico</span> <span class='ocrx_word' id='word_1_350' title='bbox 432 2893 504 2917; x_wconf 90' lang='lat' dir='ltr'>suo</span> <span class='ocrx_word' id='word_1_351' title='bbox 522 2882 645 2917; x_wconf 90' lang='lat' dir='ltr'>Palou</span> <span class='ocrx_word' id='word_1_352' title='bbox 663 2881 718 2916; x_wconf 92' lang='lat' dir='ltr'>ait</span> <span class='ocrx_word' id='word_1_353' title='bbox 736 2881 858 2917; x_wconf 91' lang='lat' dir='ltr'>etiam</span> <span class='ocrx_word' id='word_1_354' title='bbox 875 2881 1001 2916; x_wconf 90' lang='lat' dir='ltr'>Nadal</span> <span class='ocrx_word' id='word_1_355' title='bbox 1027 2880 1202 2927; x_wconf 87' lang='lat' dir='ltr'>elogium</span> <span class='ocrx_word' id='word_1_356' title='bbox 1225 2881 1393 2918; x_wconf 82' lang='lat' dir='ltr'>funebre</span> <span class='ocrx_word' id='word_1_357' title='bbox 1412 2882 1513 2916; x_wconf 91' lang='lat' dir='ltr'>Ven.</span> <span class='ocrx_word' id='word_1_358' title='bbox 1540 2879 1793 2915; x_wconf 88' lang='lat' dir='ltr'>Elisabethae</span> 
     </span>
     <span class='ocr_line' id='line_1_38' title="bbox 140 2939 1767 2987; baseline -0.001 -11"><span class='ocrx_word' id='word_1_359' title='bbox 140 2939 250 2976; x_wconf 69' lang='lat' dir='ltr'>Citra</span> <span class='ocrx_word' id='word_1_360' title='bbox 267 2941 562 2987; x_wconf 87' lang='lat' dir='ltr'>pronuntiatum</span> <span class='ocrx_word' id='word_1_361' title='bbox 579 2940 718 2976; x_wconf 84' lang='lat' dir='ltr'>fuisse.</span> <span class='ocrx_word' id='word_1_362' title='bbox 1764 2944 1767 2947; x_wconf 89' lang='lat'>&#39;</span> 
     </span>
    </p>

    <p class='ocr_par' dir='ltr' id='par_1_13' title="bbox 215 2999 1522 3051">
     <span class='ocr_line' id='line_1_39' title="bbox 215 2999 1522 3051; baseline -0.002 -15"><span class='ocrx_word' id='word_1_363' title='bbox 215 3001 230 3021; x_wconf 76' lang='lat'><strong>³</strong></span> <span class='ocrx_word' id='word_1_364' title='bbox 279 3001 393 3046; x_wconf 82' lang='lat' dir='ltr'>Quae</span> <span class='ocrx_word' id='word_1_365' title='bbox 410 3001 484 3036; x_wconf 93' lang='lat' dir='ltr'>hoc</span> <span class='ocrx_word' id='word_1_366' title='bbox 501 3000 616 3051; x_wconf 84' lang='lat' dir='ltr'>signo</span> <span class='ocrx_word' id='word_1_367' title='bbox 632 3001 654 3021; x_wconf 83' lang='lat'><em>*</em></span> <span class='ocrx_word' id='word_1_368' title='bbox 672 3000 823 3036; x_wconf 88' lang='lat' dir='ltr'>inclusa</span> <span class='ocrx_word' id='word_1_369' title='bbox 840 3004 947 3044; x_wconf 88' lang='lat' dir='ltr'>sunt,</span> <span class='ocrx_word' id='word_1_370' title='bbox 963 3000 1004 3035; x_wconf 92' lang='lat' dir='ltr'>in</span> <span class='ocrx_word' id='word_1_371' title='bbox 1022 3001 1198 3046; x_wconf 88' lang='lat' dir='ltr'>margine</span> <span class='ocrx_word' id='word_1_372' title='bbox 1217 3001 1366 3036; x_wconf 87' lang='lat' dir='ltr'>addidit</span> <span class='ocrx_word' id='word_1_373' title='bbox 1384 2999 1522 3035; x_wconf 87' lang='lat' dir='ltr'>Nadal.</span> 
     </span>
    </p>

    <p class='ocr_par' dir='ltr' id='par_1_14' title="bbox 217 3060 528 3105">
     <span class='ocr_line' id='line_1_40' title="bbox 217 3060 528 3105; baseline 0 -10"><span class='ocrx_word' id='word_1_374' title='bbox 217 3061 234 3081; x_wconf 79' lang='lat'><strong>⁴</strong></span> <span class='ocrx_word' id='word_1_375' title='bbox 282 3060 374 3105; x_wconf 90' lang='lat' dir='ltr'>Ms.,</span> <span class='ocrx_word' id='word_1_376' title='bbox 392 3060 528 3096; x_wconf 82' lang='lat' dir='ltr'>illum.</span> 
     </span>
    </p>

    <p class='ocr_par' dir='ltr' id='par_1_15' title="bbox 218 3115 1800 3166">
     <span class='ocr_line' id='line_1_41' title="bbox 218 3115 1800 3166; baseline -0.002 -12"><span class='ocrx_word' id='word_1_377' title='bbox 218 3119 233 3141; x_wconf 81' lang='lat'><strong>⁵</strong></span> <span class='ocrx_word' id='word_1_378' title='bbox 283 3118 447 3166; x_wconf 88' lang='lat' dir='ltr'>Appulit</span> <span class='ocrx_word' id='word_1_379' title='bbox 464 3122 599 3155; x_wconf 82' lang='lat' dir='ltr'>caesar</span> <span class='ocrx_word' id='word_1_380' title='bbox 617 3125 773 3166; x_wconf 89' lang='lat' dir='ltr'>portum</span> <span class='ocrx_word' id='word_1_381' title='bbox 791 3118 1091 3165; x_wconf 89' lang='lat' dir='ltr'>majoricensem</span> <span class='ocrx_word' id='word_1_382' title='bbox 1112 3118 1155 3154; x_wconf 92' lang='lat'>13</span> <span class='ocrx_word' id='word_1_383' title='bbox 1178 3118 1364 3157; x_wconf 91' lang='lat' dir='ltr'>Octobris</span> <span class='ocrx_word' id='word_1_384' title='bbox 1382 3118 1474 3155; x_wconf 89' lang='lat' dir='ltr'>anni</span> <span class='ocrx_word' id='word_1_385' title='bbox 1501 3125 1605 3162; x_wconf 84' lang='lat'><strong>1541.</strong></span> <span class='ocrx_word' id='word_1_386' title='bbox 1625 3117 1687 3151; x_wconf 93' lang='lat' dir='ltr'>De</span> <span class='ocrx_word' id='word_1_387' title='bbox 1711 3115 1800 3162; x_wconf 84' lang='lat' dir='ltr'>ejus</span> 
     </span>
    </p>
   </div>
  </div>
 </body>
</html>
