2046 3510
919 302 1121 350 1538-1545
1790 312 1799 323 ··
1821 316 1842 353 5

187 402 494 460 apprehendit
514 404 700 448 barbam
723 404 834 449 mihi
855 405 1001 460 miles,
1026 413 1073 450 et
1093 406 1209 450 dixit
1229 421 1390 451 canem
1411 407 1642 462 iudaeum,
1663 408 1739 452 cui
1754 423 1844 466 ego

194 478 307 523 nihil
327 480 557 537 respondi:
582 482 864 527 meminerim
886 483 1023 528 etiam
1045 484 1084 527 si
1104 499 1341 542 perperam
1363 486 1451 528 hoc
1473 485 1717 541 aliquando
1735 501 1839 529 nar-

195 556 406 603 rauerim.
431 559 660 603 Gerebam
683 559 866 616 quidem
888 560 936 604 in
957 576 1097 605 manu
1118 563 1475 618 pentateuchum
1497 562 1725 606 hebraice:
1756 563 1843 605 mi-

190 631 298 678 lites
323 635 567 679 honestum
594 636 781 693 pallium
808 638 1151 696 surripuerunt:
1183 640 1403 696 pauculos
1437 639 1622 694 solidos,
1654 654 1769 696 quos
1796 640 1843 684 in

191 711 426 769 ‘marsupio
453 714 700 768 habebam,
731 730 824 759 non
860 715 1130 774 attigerunt.
1163 719 1395 761 Reuersus
1430 717 1478 760 in
1514 718 1690 770 vrbem,
1730 717 1842 761 latui

190 788 289 833 ‘fere
315 789 462 834 donec
493 790 663 836 dimisit
690 792 942 837 exercitum
969 795 1006 838 F
1008 794 1259 849 ranciscus,
1293 794 1558 838 discedente
1588 794 1637 838 in
1667 794 1842 838 Italiam

186 879 378 911 caesare
398 882 504 911 cum
526 869 746 914 exercitu.
771 870 796 895 *
817 871 1109 927 Anteaquam
1138 872 1382 916 Auenione
1403 871 1702 927 discederem,
1734 887 1842 929 pro-

193 950 344 987 motus
367 944 433 987 fui
454 946 512 989 ad
533 946 837 1003 presbiterum
863 950 893 1001 ¹,
918 955 966 992 et
987 948 1246 1006 theologiae
1266 950 1554 993 doctoratum
1578 950 1601 975 '⁸‘
1625 950 1658 993 ³.

287 1022 355 1065 16.
421 1023 653 1081 Nauigaui
689 1023 832 1082 igitur
859 1025 1178 1070 Barcinonam.
1211 1026 1303 1071 Hic
1330 1027 1441 1071 libet
1477 1027 1843 1071 animaduertere

193 1097 241 1141 in
261 1106 375 1154 quot
395 1099 658 1145 discrimina
678 1108 726 1146 et
752 1102 1028 1148 dificultates
1055 1103 1211 1158 incidi,
1244 1111 1486 1161 postquam
1514 1104 1705 1149 Lutecia
1731 1104 1838 1157 abii;

188 1182 240 1219 et
260 1174 374 1219 illud
394 1184 629 1233 praeterea
644 1179 845 1233 memini,
870 1187 917 1224 et
933 1182 1232 1238 contemplor,
1253 1194 1390 1238 quam
1407 1183 1571 1225 acerba
1589 1181 1725 1226 fuerit
1741 1181 1841 1225 ani-

193 1251 255 1302 mi
276 1253 366 1298 mei
387 1255 643 1312 aegritudo,
669 1271 805 1313 quam
828 1258 1088 1313 continens3
1114 1273 1200 1303 nec
1221 1258 1385 1303 studiis
1412 1260 1626 1314 fidebam,
1656 1273 1745 1303 nec
1772 1260 1839 1302 fa-

186 1330 353 1374 -cultati
373 1331 695 1389 concionandi3
715 1335 899 1380 dolebat
914 1338 1195 1390 stomachus,
1214 1337 1399 1381 dolebat
1414 1344 1568 1394 caput,
1590 1344 1714 1381 totus
1729 1335 1840 1379 mihi

185 1407 503 1466 displicebam,
543 1426 770 1468 nusquam
806 1413 1119 1471 repperiebam
1155 1415 1230 1459 vel
1272 1415 1471 1472 quietem
1513 1415 1588 1459 vel
1629 1415 1839 1458 consola—

186 1485 362 1530 ·tionem
385 1488 417 1530 ⁵.

879 1616 1156 1655 MAIORICIS

667 1718 779 1754 1538
804 1727 946 1762 USQUE
972 1729 1030 1755 An
1055 1729 1203 1756 mmtm
1228 1720 1373 1767 [15]45

287 1840 354 1883 17.
420 1829 652 1888 Nauigaui
674 1846 780 1876 cum
801 1833 1023 1877 canonico
1051 1835 1299 1878 Torroella.
1332 1834 1533 1879 Viuebat
1559 1835 1710 1878 adhuc
1737 1848 1837 1877 ma-

186 1910 274 1959 ter,
300 1907 451 1951 adhuc
472 1909 747 1963 auunculus,
773 1911 925 1954 adhuc
948 1911 1087 1955 frater
1106 1918 1152 1956 et
1173 1913 1292 1956 duae
1307 1927 1487 1956 sorores
1503 1927 1608 1956 cum
1625 1911 1721 1956 suis
1738 1926 1836 1955 ma-

191 1981 304 2027 ritis.
330 1983 421 2028 Hic
443 2000 552 2030 vero
573 1985 686 2030 illud
707 2002 796 2044 ego
818 1989 966 2032 refero
987 1988 1035 2032 in
1056 2004 1286 2033 summum
1307 1989 1394 2034 Dei
1422 1990 1697 2034 beneficium
1724 2003 1837 2046 erga

190 2074 278 2113 me,
303 2063 427 2118 quod
448 2077 589 2119 quum
613 2075 639 2118 7
661 2080 805 2109 annos
827 2066 844 2086 ⁴
861 2064 910 2109 in
925 2066 1072 2122 patria
1086 2066 1293 2122 vixerim,
1314 2068 1491 2111 nullum
1507 2067 1643 2120 diem,
1663 2067 1835 2110 nullam

185 2135 363 2191 horam,
389 2139 498 2195 quid
519 2140 639 2185 diem
661 2141 763 2185 dico
784 2143 858 2187 vel
878 2145 1063 2187 horam?
1084 2145 1261 2188 nullum
1283 2152 1564 2189 momentum
1586 2159 1680 2189 non
1706 2143 1836 2187 vixe-

190 2213 274 2258 rim
310 2215 358 2259 in
385 2231 562 2262 summa
589 2218 728 2262 animi
754 2219 999 2274 anxietate,
1034 2222 1377 2278 perturbatione
1403 2229 1542 2279 atque
1569 2221 1832 2266 acerbitate:

183 2305 367 2349 semper
388 2295 571 2339 dolebat
592 2295 702 2339 mihi
724 2304 879 2354 caput,
903 2312 1082 2355 semper
1103 2301 1383 2352 stomachus,
1403 2314 1582 2356 semper
1597 2314 1722 2343 eram
1738 2312 1835 2340 me-

190 2369 487 2425 lancholicus,
511 2372 574 2416 ita
594 2381 644 2416 vt
665 2373 798 2417 amici
819 2389 979 2418 omnes
1000 2375 1289 2431 mirarentur,
1320 2383 1367 2421 et
1395 2376 1736 2434 suspicarentur
1762 2388 1835 2418 me

264 2603 274 2624 ¹
325 2602 409 2648 Sic;
429 2616 499 2652 pro
511 2606 847 2654 presbyteratum.

258 2663 273 2683 ²
324 2662 439 2708 Quae
456 2664 531 2700 hoc
547 2665 662 2712 signo
678 2667 700 2687 *
716 2668 902 2703 conclusa
919 2672 1025 2712 sunt,
1043 2667 1084 2703 in
1103 2668 1279 2715 margine
1297 2668 1448 2705 addidit
1466 2668 1604 2704 Nadal.

258 2722 273 2743 ⁵
323 2723 433 2759 Haec
451 2725 597 2772 scripta
613 2725 763 2762 suntin
781 2726 973 2775 principio
995 2727 1079 2763 folii
1104 2726 1172 2773 7.¹:
1198 2733 1338 2776 postea
1362 2728 1522 2775 reliquit
1546 2733 1682 2764 auctor
1710 2726 1832 2763 Chro-

183 2781 271 2817 nici
286 2781 411 2819 ferme
429 2789 509 2820 tres
526 2786 689 2833 paginas
707 2797 866 2832 vacuas,
885 2792 926 2823 et
943 2787 984 2823 in
1008 2788 1183 2823 secunda
1206 2788 1293 2824 folii
1318 2789 1367 2824 8³
1393 2788 1587 2835 incipiunt
1612 2791 1699 2823 acta
1729 2798 1831 2822 anno

186 2839 281 2886 -1538
298 2842 508 2890 Majoricis.

258 2903 273 2923 ⁴
323 2903 601 2941 Emendandus
626 2911 689 2941 est
713 2917 763 2942 ex
788 2906 864 2951 his,
892 2908 1082 2943 BARTOLI
1107 2908 1234 2956 Degli
1263 2909 1423 2944 uomini
1451 2920 1471 2943 e
1501 2908 1562 2943 de'
1586 2908 1693 2955 fatti
1722 2907 1831 2943 della

191 2959 235 2996 C.
254 2961 309 2997 D.
333 2961 399 3005 G„
418 2963 488 3000 lib.
508 2965 578 3009 IV,
596 2976 683 3012 cap.
702 2965 779 3011 26.,
795 2966 863 3002 ubi
880 2967 980 3002 haec
996 2966 1047 3002 de
1064 2972 1199 3003 nostro
1216 2968 1260 3003 P.
1281 2967 1406 3003 Nadal
1425 2967 1580 3003 scribit:
1602 2967 1748 3003 «Come
1766 2967 1831 3014 poi

184 3019 224 3055 si
240 3025 417 3058 tornasse
433 3023 484 3059 da
500 3024 632 3071 Parigi
650 3036 672 3060 a
689 3025 859 3072 Majorca
876 3037 947 3061 sua
964 3026 1104 3073 patria,
1123 3038 1146 3062 e
1162 3028 1253 3074 qual
1272 3027 1354 3063 vita
1371 3027 1427 3063 ivi
1443 3038 1624 3063 menasse
1643 3038 1712 3074 per
1729 3027 1831 3062 dieci

186 3080 325 3117 anni...
344 3094 395 3118 ne
412 3082 604 3119 facemmo
620 3084 798 3120 addietro
815 3097 893 3121 una
908 3085 1059 3122 distesa
1075 3087 1342 3123 narrazione.»
