2066 3490
304 268 348 304 16
897 268 1064 305 CHRON.
1092 269 1136 303 P.
1165 268 1356 304 NATALIS

302 378 350 414 vt
377 370 640 414 cubiculum
676 371 965 415 commodum
994 385 1099 414 cum
1127 385 1320 414 amoeno
1348 373 1481 414 horto
1508 377 1817 427 quaereretur.
1845 372 1951 415 Non

300 462 426 493 eram
452 448 542 492 iam
569 448 748 505 patiens
775 462 951 493 morae:
977 456 1189 492 orauerat
1215 449 1339 491 haud
1367 447 1506 491 dubie
1533 447 1737 492 studiose
1766 462 1848 505 pro
1877 462 1952 493 me

301 528 355 570 Ρ.
381 526 604 584 Ignatius,
629 533 676 570 et
699 533 822 569 totus
844 526 978 583 plane
1000 525 1110 568 mihi
1132 525 1427 582 displicebam
1449 526 1507 568 de
1527 524 1639 578 vita,
1659 540 1796 582 quam
1818 525 1948 571 viue—

298 606 403 648 bam
425 604 480 647 iis
502 604 680 648 diebus.
700 602 807 647 Dixi
828 602 985 659 itaque
1006 602 1198 648 Sentino
1221 603 1401 658 placere
1421 601 1532 645 mihi
1555 602 1819 647 cubiculum
1836 617 1950 647 con—

300 682 481 740 tiguum
503 680 859 734 catechumenis,
886 681 1010 736 quod
1031 680 1129 737 ipse
1156 679 1405 724 reiiciebat.
1515 676 1518 678 ’

387 772 461 815 43.
528 760 685 815 Quum
707 765 829 803 esset
849 758 939 801 iam
961 760 1261 801 constitutum
1285 764 1335 800 vt
1356 758 1616 802 secederem
1634 759 1692 801 ad
1714 757 1947 812 exercitia,

297 837 489 881 verebar
510 835 781 889 auditorem,
806 835 1128 879 maioricenses
1150 835 1275 888 item,
1302 834 1380 891 qui
1402 841 1533 878 erant
1560 834 1607 877 in
1635 834 1734 879 eius
1762 834 1948 880 familia:

297 912 713 958 commodissimum
736 912 993 957 existimaui
1015 912 1053 956 si
1074 912 1145 955 his
1167 912 1365 956 dicerem
1388 926 1461 956 me
1488 911 1721 969 suscipere
1743 912 1950 971 peregri-

297 991 543 1044 nationem,
568 990 827 1035 deuotionis
849 990 1013 1047 gratia.
1040 989 1254 1034 Auditori
1276 1004 1436 1033 verum
1465 989 1623 1047 aperui
1651 991 1769 1036 velle
1796 1005 1869 1034 me
1891 992 1953 1034 ad

298 1079 352 1124 25
375 1070 450 1112 vel
474 1082 530 1124 30
551 1068 649 1112 dies
670 1068 899 1122 secedere,
918 1075 969 1111 vt
989 1067 1219 1124 experirer
1235 1068 1455 1123 quasdam
1473 1067 1808 1122 meditationes,
1834 1082 1952 1124 quas

297 1147 505 1190 solebant
529 1148 580 1190 P.
608 1145 814 1203 Ignatius
836 1151 883 1189 et
904 1145 975 1188 sui
996 1143 1351 1188 communicare:
1377 1145 1470 1188 duo
1491 1159 1609 1198 esse,
1641 1159 1758 1202 quae
1779 1160 1852 1190 me
1873 1145 1947 1189 in—

298 1225 524 1268 duxerant
553 1231 603 1267 vt
631 1225 820 1267 Romam
855 1222 1079 1275 venirem,
1111 1223 1304 1266 alterum
1332 1229 1383 1265 vt
1410 1221 1642 1279 spiritum,
1674 1224 1867 1267 alterum
1895 1230 1950 1267 vt

296 1301 449 1345 studia
473 1301 707 1344 literarum
735 1301 1005 1353 excolerem,
1031 1314 1124 1343 non
1152 1314 1254 1343 esse
1281 1300 1432 1343 adhuc
1461 1307 1667 1357 apertum
1701 1299 1945 1344 concilium

227 1381 231 1383 “
299 1378 613 1431 tridentinum,
644 1376 1060 1421 commodissimum
1083 1391 1200 1430 esse,
1233 1384 1477 1432 antequam
1500 1377 1743 1434 aperiatur,
1773 1384 1820 1422 et
1856 1393 1949 1436 ego

297 1456 382 1499 sim
404 1455 514 1499 illuc
534 1456 822 1511 profecturus
848 1456 877 1507 ¹,
897 1461 948 1496 vt
964 1461 1162 1498 mentem
1179 1453 1492 1510 spiritualibus
1508 1454 1879 1499 meditationibus
1899 1461 1950 1499 et

296 1532 460 1577 studiis
481 1546 765 1585 exornarem,
791 1546 883 1575 non
905 1531 1098 1588 amplius
1114 1546 1188 1575 me
1210 1546 1345 1588 quam
1362 1532 1420 1574 ad
1444 1542 1497 1587 25
1521 1532 1596 1576 vel
1614 1546 1670 1587 30
1691 1527 1789 1576 dies
1810 1533 1948 1576 abfu—

297 1618 467 1654 turum.
493 1611 599 1654 Non
621 1608 895 1652 contradixit
917 1610 1088 1665 probus
1111 1608 1308 1662 auditor,
1335 1610 1458 1666 quod
1480 1624 1568 1667 ego
1590 1609 1945 1654 non-mediocri·-

296 1695 365 1731 ter
388 1686 642 1730 timueram.
667 1688 816 1730 Datus
838 1693 908 1729 est
929 1685 1039 1728 mihi
1061 1685 1310 1730 instructor
1338 1688 1392 1730 P.
1417 1688 1726 1740 Domenecus,
1762 1686 1840 1743 qui
1862 1701 1948 1730 va—

295 1764 381 1809 luit
402 1779 581 1820 semper
608 1763 832 1807 indi·3tria
858 1764 915 1807 ad
943 1762 1158 1807 exercitia
1185 1763 1579 1808 communicanda.
1613 1774 1636 1819 5
1669 1763 1949 1808 Nouembris

295 1841 479 1896 secessi,
505 1841 613 1884 anni
642 1851 769 1896 1545.

384 1932 458 1974 44.
525 1921 655 1962 Bono
676 1917 858 1974 quidem
881 1933 1003 1961 eram
1025 1917 1192 1972 animo,
1218 1918 1385 1962 afflicto
1408 1925 1561 1963 tamen
1581 1933 1638 1962 ex
1660 1918 1839 1962 infirma
1859 1933 1943 1962 va-

294 1992 499 2041 letudine
527 2003 573 2039 et
600 1994 915 2038 melancholia.
949 1997 1093 2038 Totus
1121 1995 1250 2039 initio
1278 2010 1401 2039 eram
1429 2010 1649 2040 accensus
1674 2002 1725 2038 vt
1752 1995 1942 2052 aliquid,

294 2081 422 2118 extra
443 2073 664 2125 ordinem,
691 2071 893 2125 visionis,
919 2080 998 2115 aut
1020 2072 1327 2126 reuelationis,
1353 2081 1434 2116 aut
1461 2072 1598 2130 signi,
1623 2072 1733 2116 mihi
1760 2072 1946 2116 contin-

294 2157 426 2207 geret
453 2151 486 2193 2.
520 2149 691 2194 Attulit
718 2149 827 2192 mihi
861 2150 1059 2193 fructum
1087 2149 1232 2206 prima
1259 2151 1525 2194 hebdomas:
1563 2165 1665 2194 sum
1703 2150 1946 2194 confessus

295 2227 569 2285 generaliter
593 2229 646 2270 P.
669 2226 863 2284 Ignatio.

367 2439 377 2458 ¹
429 2435 531 2470 Vide
550 2447 681 2482 supra,
700 2447 739 2470 n.
759 2415 973 2480 34,'annot.
997 2443 1029 2479 13
1051 2440 1091 2471 et
1109 2437 1308 2483 J1MENE2,
1330 2435 1566 2480 Comment„
1588 2448 1628 2472 n.
1651 2435 1708 2483 13,
1727 2435 1796 2472 ubi
1813 2435 1940 2472 Nadal

291 2508 314 2531 a
331 2496 458 2530 Puteo
476 2494 665 2530 invitatus
683 2493 807 2529 fuisse
825 2493 983 2540 dicitur,
998 2500 1041 2530 ut
1055 2506 1097 2530 se
1112 2495 1161 2530 ad
1178 2495 1387 2531 concilium
1402 2496 1657 2532 tridentinum
1671 2495 1940 2531 comitaretur.

363 2558 377 2577 2
427 2556 486 2590 Ex
500 2554 575 2601 his,
594 2566 694 2601 quae
712 2554 761 2589 de
777 2554 908 2601 seipso
922 2554 984 2589 hic
999 2554 1137 2590 scribit
1151 2555 1291 2600 Nadal,
1304 2555 1420 2591 facile
1435 2555 1679 2598 emendabis,
1694 2567 1794 2603 quae
1808 2554 1937 2591 minus

290 2620 472 2651 accurate
491 2614 540 2650 de
559 2625 605 2650 eo
623 2613 779 2660 scripsit
797 2615 1000 2660 BARTOLI,
1024 2615 1117 2650 Vita
1134 2616 1178 2650 di
1198 2616 1238 2651 S.
1258 2616 1442 2663 Ignazio,
1459 2616 1527 2652 lib.
1546 2616 1604 2658 II,
1629 2628 1671 2651 n.
1691 2626 1732 2660 4:
1759 2614 1941 2661 «Lunghi

292 2687 313 2710 e
338 2673 612 2711 ostinatissimi
641 2672 782 2709 furono
805 2672 1023 2709 ieontrasti
1046 2675 1109 2709 ch'
1135 2674 1214 2720 egli
1239 2677 1342 2711 ebbe
1365 2687 1439 2711 con
1462 2676 1506 2711 se
1530 2674 1761 2721 medesimo‚
1785 2680 1945 2711 entrato

289 2747 365 2783 que
383 2734 425 2770 fu
443 2734 551 2780 negli
568 2733 756 2780 Esercizj3
777 2732 983 2780 percioche
1002 2733 1042 2768 vi
1061 2733 1094 2769 si
1108 2745 1202 2781 pose
1220 2746 1317 2782 poco
1335 2747 1451 2771 meno
1468 2736 1541 2771 che
1559 2734 1723 2771 risoluto
1746 2734 1787 2770 di
1810 2745 1888 2771 non
1905 2734 1940 2772 si

290 2794 455 2830 rendere
473 2806 543 2841 per
560 2792 820 2841 qualsivoglia
843 2793 1038 2829 ordinaria
1061 2795 1254 2831 chiamata
1277 2797 1350 2831 che
1373 2795 1558 2841 sentisse3
1582 2795 1706 2831 fermo
1733 2796 1818 2842 pur'
1843 2805 1946 2830 anco

290 2867 336 2890 su
355 2856 381 2890 1’
401 2853 530 2890 antico
554 2852 867 2900 proponimento,
886 2863 908 2887 o
926 2853 993 2900 piu
1017 2859 1119 2890 tosto
1142 2855 1348 2902 eapriccio,
1373 2855 1414 2891 di
1436 2857 1596 2892 volerne
1613 2854 1835 2891 indubitata
1857 2866 1943 2891 cer-

289 2920 414 2961 tezza,
432 2925 507 2949 con
532 2914 697 2961 qualche
727 2911 916 2948 sensibile
947 2913 1085 2949 avviso
1102 2914 1142 2949 di
1173 2926 1326 2961 sopra.»
1346 2916 1464 2962 Quod
1482 2927 1576 2952 vero
1606 2914 1755 2951 Bar-toli
1781 2914 1939 2962 scripsit

282 2977 381 3021 poco
398 2985 514 3009 meno
532 2974 597 3008 che
615 2972 786 3008 risoluto
803 2972 847 3007 di
863 2984 944 3007 non
961 2973 998 3008 si
1014 2974 1197 3016 rendere,
1218 2974 1447 3011 PcMICHEL
1461 2976 1588 3022 (Hist.
1604 2976 1651 3011 de
1668 2975 1708 3011 S.
1723 2975 1834 3023 Igu„
1852 2977 1880 3009 t.
1901 2974 1940 3016 I,

284 3036 326 3080 p.
347 3033 445 3079 149)
469 3034 541 3068 hoc
564 3037 680 3079 pacto
707 3030 850 3078 gallice
869 3032 1002 3068 vertit:
1031 3032 1080 3068 «il
1112 3034 1169 3069 les
1194 3034 1300 3070 avait
1329 3038 1578 3071 commences
1607 3036 1681 3079 (les
1710 3034 1942 3079 Exercices)

286 3105 381 3129 avec
400 3094 441 3128 la
452 3093 588 3140 ferme
607 3092 829 3127 resolution
846 3092 893 3127 de
918 3104 966 3127 ne
989 3104 1028 3127 se
1046 3094 1194 3128 rendre
1212 3093 1233 3128 ἐι
1253 3105 1378 3130 aucun
1399 3099 1653 3131 mouvement
1670 3094 1874 3141 interieur,
1893 3098 1936 3130 et
