2066 3490
287 278 333 314 32
831 275 1117 312 COMMENTAR.
1146 275 1190 310 P.
1219 276 1402 321 JIMENEZ

286 380 660 432 instantemente,
687 377 1011 436 applicandoui
1032 378 1076 421 le
1098 392 1246 421 messe
1268 380 1353 422 che
1375 378 1485 431 dite,
1506 379 1537 421 l’
1557 378 1750 422 orationi
1768 385 1813 422 et
1829 379 1943 424 altre

290 459 431 501 buon’
457 471 596 514 opere
623 458 710 500 che
733 457 861 500 fatte.

386 548 402 579 1
416 548 452 579 1.
519 533 686 578 Partisi
710 534 874 577 Natale
896 533 971 576 dal
993 531 1207 588 religioso
1230 547 1318 575 con
1341 532 1492 576 animo
1514 532 1560 576 di
1584 534 1679 577 fare
1705 541 1877 589 quanto
1898 534 1944 578 lo

292 611 591 668 consigliaua.
619 613 695 655 Un
718 624 842 653 mese
864 624 892 653 o
914 608 990 652 doi
1011 609 1131 665 dopo
1153 615 1332 664 questo,
1357 624 1543 654 occorre
1559 612 1630 654 ch'
1654 610 1685 653 il
1706 611 1881 654 vicerre
1897 611 1943 654 di

292 689 508 733 Maiorica
534 691 545 710 ¹
570 688 737 731 mando
760 703 787 731 a
808 687 973 731 Natale
995 701 1087 730 una
1109 686 1240 743 copia
1256 687 1312 730 de
1329 686 1442 730 certi
1458 687 1573 731 auisi
1590 689 1695 731 dell'
1715 688 1842 732 India
1857 690 1945 733 che

289 768 319 809 l’
345 765 675 810 ambasciatore
696 765 799 808 dell'
823 764 1098 821 imperatore
1118 765 1284 808 Carolo
1307 764 1467 820 quinto
1489 765 1504 786 ²
1528 766 1710 809 haueua
1730 766 1946 810 mandato

291 846 350 888 da
382 846 525 887 Roma
557 843 600 886 al
633 843 818 886 sudetto
850 841 1042 895 vicerre‚
1078 857 1104 885 e
1138 843 1201 899 gl’
1242 841 1358 886 auisi
1386 857 1524 886 erano
1553 858 1643 886 una
1673 844 1837 887 lettera
1872 844 1947 888 del

291 924 343 965 P.
371 923 628 965 Francesco
652 919 868 973 Xauiere,
894 919 1054 963 scritta
1077 920 1119 963 al
1141 926 1299 963 nostro
1323 921 1376 963 P.
1403 919 1584 977 Ignatio
1606 918 1682 979 [di]
1700 927 1832 964 santa
1847 935 1945 965 me-

290 998 447 1051 moria,
473 999 609 1050 doue,
634 998 838 1041 oltreche
868 998 912 1041 10
943 997 1246 1054 raguagliaua
1274 998 1348 1041 del
1378 998 1519 1041 frutto
1546 999 1633 1042 che
1660 1000 1697 1041 s’
1722 997 1948 1042 incomin-

292 1077 423 1120 ciaua
445 1078 472 1120 a
494 1076 588 1119 fare
609 1090 697 1119 con
718 1074 733 1117 i
755 1074 933 1132 gentili,
959 1074 1243 1131 ringratiaua
1264 1074 1353 1119 Dio
1375 1076 1621 1119 benedetto
1651 1077 1737 1119 che
1768 1077 1947 1120 uedeua

294 1153 491 1210 compite
514 1160 581 1196 tre
604 1167 726 1205 cose,
747 1153 789 1196 le
812 1152 934 1208 quali
951 1152 1043 1209 egli
1060 1152 1318 1196 desiderate
1332 1154 1515 1196 haueua
1530 1152 1578 1195 in
1594 1167 1709 1209 gran
1726 1153 1943 1207 maniera,

295 1239 341 1275 et
362 1231 757 1275 raccomandatole
779 1245 805 1273 a
826 1229 915 1274 Dio
933 1229 1104 1287 Signor
1118 1236 1275 1274 nostro
1292 1222 1503 1287 parecchi
1520 1229 1643 1274 anni:
1666 1231 1731 1274 La
1754 1241 1841 1284 La,
1862 1232 1950 1275 che

295 1311 339 1353 13
361 1307 647 1365 Compagnia
670 1308 794 1351 fusse
816 1307 1037 1364 religione
1058 1314 1310 1364 approuata
1325 1308 1445 1351 dalla
1461 1314 1592 1351 santa
1608 1308 1716 1351 sede
1733 1314 1946 1364 apposto·

296 1386 384 1430 lica
405 1400 543 1429 senza
564 1384 830 1428 restrizione
851 1385 926 1427 del
947 1399 1138 1428 numero
1160 1383 1207 1427 di
1229 1391 1451 1437 sessanta,
1476 1385 1514 1428 si
1536 1398 1665 1428 come
1686 1384 1820 1441 pochi
1841 1385 1951 1428 anni

297 1464 441 1521 prima
462 1477 539 1506 era
561 1469 680 1506 stata
698 1462 913 1505 ristretta.
941 1463 1007 1506 La
1022 1470 1100 1505 '2.a
1126 1463 1211 1505 che
1227 1463 1270 1505 le
1287 1461 1601 1505 constitutioni
1618 1461 1664 1504 di
1682 1463 1832 1517 quella
1850 1463 1938 1506 fus·

297 1556 398 1585 sero
420 1540 564 1592 finite,
590 1540 839 1596 approbate
861 1539 966 1582 dall’
991 1539 1154 1582 istessa
1175 1546 1307 1582 santa
1327 1539 1452 1593 sede,
1473 1554 1499 1583 e
1519 1539 1765 1596 publicate.
1787 1540 1854 1583 La
1871 1553 1912 1595 3.
1926 1550 1950 1574 a

297 1621 384 1662 che
407 1619 584 1661 fussero
607 1616 860 1673 parimente
881 1616 1118 1673 approbati
1141 1616 1206 1674 gli
1228 1616 1444 1673 essercitij
1470 1616 1692 1674 spirituali
1715 1618 1748 1669 ³,
1768 1624 1856 1660 etc.

394 1708 461 1739 12.
528 1694 756 1738 Hauendo
780 1695 942 1737 Natale
965 1693 1085 1738 uista
1102 1694 1146 1737 la
1168 1693 1461 1750 soprascritta
1483 1695 1601 1739 della
1628 1695 1805 1747 lettera,
1830 1693 1953 1737 driz—

299 1780 401 1817 zata
421 1773 465 1816 al
492 1774 546 1816 P.
579 1771 774 1829 Ignatio,
807 1785 833 1814 e
860 1772 903 1814 la
931 1770 1213 1814 sottoscritta
1234 1771 1308 1815 del
1332 1773 1385 1815 P.
1420 1772 1635 1826 Xauiere,
1661 1770 1783 1828 quali
1810 1771 1953 1815 molto

300 1853 418 1895 bene
445 1864 718 1902 conosceua,
745 1863 771 1892 e
807 1849 920 1892 letto
957 1848 988 1891 il
1025 1855 1275 1892 contenuto
1312 1849 1431 1892 della
1461 1850 1638 1903 lettera,
1678 1848 1953 1892 incomincio

300 1944 387 1972 con
410 1943 524 1985 gran
547 1926 817 1983 marauiglia
839 1941 865 1969 3
886 1925 998 1970 dire:
1029 1925 1234 1983 «Ignatio
1263 1927 1492 1983 generale,
1524 1926 1723 1970 Xauiere
1744 1927 1850 1971 nell'
1875 1927 1952 1969 In-

301 2005 390 2058 dia,
416 2004 639 2062 religione
660 2003 887 2047 chiamata
909 2002 1202 2066 Compagnia·
1217 2003 1263 2047 di
1292 2003 1453 2056 Giesu,
1479 2004 1674 2059 qualche
1700 2019 1816 2061 gran
1844 2017 1953 2047 cosa

301 2085 327 2127 e
364 2089 541 2138 questa.
584 2083 770 2126 Andero
809 2082 1020 2124 adunche
1056 2081 1115 2124 da
1152 2080 1331 2138 Ignatio
1359 2097 1386 2125 3
1414 2083 1573 2134 Roma,
1609 2096 1635 2125 e
1666 2082 1837 2125 uedero
1865 2082 1951 2124 che

302 2175 411 2204 cosa
437 2160 549 2203 sia.»
1539 2204 1542 2209 Q

400 2251 468 2293 13.
533 2237 621 2281 Ν61
648 2235 896 2279 medesimo
925 2242 1077 2291 tempo
1109 2236 1172 2292 gl'
1207 2235 1359 2279 arriuo
1386 2251 1479 2279 una
1510 2237 1669 2279 lettera
1696 2236 1770 2279 del
1801 2235 1949 2279 cardi-

304 2317 407 2359 nale
428 2315 445 2336 *
469 2317 636 2368 Puteo,
662 2328 746 2357 suo
769 2327 966 2369 pacsano
987 2319 1033 2356 et
1050 2313 1212 2369 grand’
1237 2312 1399 2365 amico,
1424 2314 1705 2370 pregandolo
1726 2314 1812 2356 che
1833 2327 1952 2356 uuo-—

377 2449 387 2469 ¹
439 2448 489 2482 D.
509 2445 711 2492 Philippus
731 2443 780 2479 de
799 2444 998 2489 Cervello,
1017 2443 1066 2478 de
1085 2455 1163 2491 quo
1182 2443 1272 2479 vide
1291 2443 1544 2491 CAMPANER‚
1563 2443 1722 2480 Cronic.
1742 2445 1951 2492 mayoric„

305 2518 396 2554 pag.
416 2505 486 2551 309
505 2510 545 2541 et
563 2504 646 2540 262.

375 2568 390 2588 2
442 2567 615 2612 Joannes
633 2564 683 2599 de
701 2563 827 2609 Vega,
843 2562 892 2598 de
911 2574 987 2610 quo
1006 2563 1163 2610 saepius
1182 2562 1222 2598 in
1240 2562 1383 2598 nostris
1401 2563 1688 2599 Monumentis.

377 2627 391 2647 ³
441 2625 542 2661 Vide
561 2635 678 2671 supra
694 2622 735 2658 in
756 2622 906 2658 Chron.
928 2622 1084 2665 Natal„
1105 2635 1144 2658 11.
1164 2622 1224 2669 31,
1245 2628 1377 2658 annot.
1399 2631 1434 2669 5,
1460 2622 1527 2659 ubi
1557 2623 1740 2659 advertes
1765 2623 1806 2659 S.
1832 2623 1951 2659 Fran-

305 2686 454 2721 ciscum
485 2696 562 2720 non
586 2682 736 2729 omnia,
761 2693 861 2729 quae
886 2681 949 2717 hic
973 2681 1070 2717 dicit
1093 2682 1137 2717 P.
1164 2682 1366 2729 Jimenez,
1391 2683 1597 2718 enucleate
1620 2682 1661 2718 in
1690 2694 1761 2718 sua
1784 2682 1952 2730 epistola

305 2750 587 2793 prosequutum
604 2742 743 2788 fuisse,
762 2741 833 2777 sed
851 2746 1002 2777 tanturn
1021 2741 1190 2777 instituti
1215 2741 1422 2777 Societatis
1446 2742 1766 2789 approbationem
1788 2754 1953 2789 genera—

307 2806 378 2841 tim
403 2814 723 2840 commemorare.
754 2801 1068 2837 Constitutiones
1097 2813 1192 2837 vero
1222 2801 1432 2837 Societatis
1458 2814 1583 2850 usque
1607 2803 1656 2839 ad
1685 2815 1829 2839 annum
1862 2811 1952 2848 1552

305 2877 383 2900 non
401 2862 637 2911 promulgari
654 2866 814 2908 coeptas
831 2860 969 2907 fuisse,
993 2872 1068 2896 nec
1091 2861 1299 2897 Exercitia
1320 2862 1562 2908 spiritualia
1584 2869 1675 2899 ante
1698 2874 1841 2899 annum
1863 2862 1955 2908 1548

307 2923 531 2971 specialiter
548 2934 593 2958 ac
611 2932 797 2968 expresse
815 2931 838 2954 a
855 2925 990 2955 sancta
1013 2920 1107 2956 sede
1132 2922 1346 2968 approbata
1367 2921 1506 2966 fuisse,
1531 2928 1667 2959 notum
1691 2928 1765 2959 est.
1791 2922 1852 2959 Cf.
1873 2921 1954 2960 OR-

307 2992 495 3029 LANDINI,
514 2982 622 3017 Hist.
644 2975 757 3027 s.'J.‚
777 2979 846 3015 lib.
867 2980 956 3026 XII,
976 2992 1015 3015 n.
1034 2978 1094 3025 343
1114 2980 1333 3025 POLANco,
1356 2980 1521 3023 Clzron.,
1541 2982 1574 3028 Ι,
1593 2981 1765 3027 267-268;
1785 2987 1825 3018 et
1842 2981 1953 3017 Pauli

309 3042 386 3076 ΡΡ.
407 3043 464 3076 III
482 3041 634 3077 litteras
652 3038 900 3086 apostolicas,
920 3038 1064 3085 passim
1082 3038 1123 3074 in
1141 3038 1251 3074 libris
1269 3039 1545 3076 exercitiorum
1563 3040 1702 3076 editas.

380 3103 396 3123 ⁴
445 3100 627 3135 Nondum
645 3103 729 3134 erat
746 3097 953 3133 cardinalis
974 3110 1042 3144 per
1061 3097 1100 3133 id
1118 3098 1319 3145 temporis«,
1338 3104 1493 3156 creatus
1512 3105 1574 3135 est
1595 3099 1700 3135 enim
1724 3111 1826 3135 anno
1847 3108 1953 3146 1551,
