<?xml version="1.0" encoding="UTF-8"?>
<!DOCTYPE html PUBLIC "-//W3C//DTD XHTML 1.0 Transitional//EN"
    "http://www.w3.org/TR/xhtml1/DTD/xhtml1-transitional.dtd">
<html xmlns="http://www.w3.org/1999/xhtml" xml:lang="en" lang="en">
 <head>
  <title>
</title>
<meta http-equiv="Content-Type" content="text/html;charset=utf-8" />
  <meta name='ocr-system' content='tesseract 3.04.00' />
  <meta name='ocr-capabilities' content='ocr_page ocr_carea ocr_par ocr_line ocrx_word'/>
</head>
<body>
  <div class='ocr_page' id='page_1' title='image "./epistolaephieron01nadauoft_0087.png"; bbox 0 0 2046 3510; ppageno 0'>
   <div class='ocr_carea' id='block_1_1' title="bbox 900 288 1826 337">
    <p class='ocr_par' dir='ltr' id='par_1_1' title="bbox 900 288 1826 337">
     <span class='ocr_line' id='line_1_1' title="bbox 900 288 1826 337; baseline 0.009 0"><span class='ocrx_word' id='word_1_1' title='bbox 900 288 1103 337; x_wconf 80' lang='lat'>1538-1545</span> <span class='ocrx_word' id='word_1_2' title='bbox 1801 301 1826 337; x_wconf 92' lang='lat'>9</span> 
     </span>
    </p>
   </div>
   <div class='ocr_carea' id='block_1_2' title="bbox 170 392 1858 2063">
    <p class='ocr_par' dir='ltr' id='par_1_2' title="bbox 171 392 1823 529">
     <span class='ocr_line' id='line_1_2' title="bbox 171 392 1823 449; baseline -0.002 -10"><span class='ocrx_word' id='word_1_3' title='bbox 171 394 393 447; x_wconf 85' lang='lat' dir='ltr'>audirem,</span> <span class='ocrx_word' id='word_1_4' title='bbox 419 400 690 446; x_wconf 86' lang='lat' dir='ltr'>commotus,</span> <span class='ocrx_word' id='word_1_5' title='bbox 709 392 916 437; x_wconf 90' lang='lat' dir='ltr'>studiose</span> <span class='ocrx_word' id='word_1_6' title='bbox 935 392 1012 449; x_wconf 86' lang='lat' dir='ltr'>egi</span> <span class='ocrx_word' id='word_1_7' title='bbox 1033 407 1139 436; x_wconf 92' lang='lat' dir='ltr'>cum</span> <span class='ocrx_word' id='word_1_8' title='bbox 1163 392 1369 444; x_wconf 89' lang='lat' dir='ltr'>Palouio,</span> <span class='ocrx_word' id='word_1_9' title='bbox 1397 399 1445 435; x_wconf 87' lang='lat' dir='ltr'>vt</span> <span class='ocrx_word' id='word_1_10' title='bbox 1466 407 1674 436; x_wconf 81' lang='lat' dir='ltr'><strong>curarem</strong></span> <span class='ocrx_word' id='word_1_11' title='bbox 1702 392 1823 436; x_wconf 92' lang='lat' dir='ltr'>illam</span> 
     </span>
     <span class='ocr_line' id='line_1_3' title="bbox 171 469 1820 529; baseline -0.002 -12"><span class='ocrx_word' id='word_1_12' title='bbox 171 487 304 517; x_wconf 86' lang='lat' dir='ltr'>orare</span> <span class='ocrx_word' id='word_1_13' title='bbox 323 486 407 529; x_wconf 89' lang='lat' dir='ltr'>pro</span> <span class='ocrx_word' id='word_1_14' title='bbox 428 486 517 525; x_wconf 83' lang='lat' dir='ltr'>me,</span> <span class='ocrx_word' id='word_1_15' title='bbox 542 471 666 527; x_wconf 92' lang='lat' dir='ltr'>quod</span> <span class='ocrx_word' id='word_1_16' title='bbox 687 469 970 515; x_wconf 89' lang='lat' dir='ltr'>renuntiauit</span> <span class='ocrx_word' id='word_1_17' title='bbox 990 469 1114 513; x_wconf 91' lang='lat' dir='ltr'>illam</span> <span class='ocrx_word' id='word_1_18' title='bbox 1135 476 1182 513; x_wconf 93' lang='lat' dir='ltr'>et</span> <span class='ocrx_word' id='word_1_19' title='bbox 1202 469 1505 526; x_wconf 70' lang='lat' dir='ltr'>spopondisse</span> <span class='ocrx_word' id='word_1_20' title='bbox 1526 476 1572 513; x_wconf 92' lang='lat' dir='ltr'>et</span> <span class='ocrx_word' id='word_1_21' title='bbox 1603 469 1764 513; x_wconf 88' lang='lat' dir='ltr'>fecisse</span> <span class='ocrx_word' id='word_1_22' title='bbox 1790 471 1820 513; x_wconf 88' lang='lat'>¹.</span> 
     </span>
    </p>

    <p class='ocr_par' dir='ltr' id='par_1_3' title="bbox 170 546 1825 841">
     <span class='ocr_line' id='line_1_4' title="bbox 264 546 1824 605; baseline -0.003 -12"><span class='ocrx_word' id='word_1_23' title='bbox 264 550 336 594; x_wconf 84' lang='lat'>26.</span> <span class='ocrx_word' id='word_1_24' title='bbox 402 551 506 594; x_wconf 92' lang='lat' dir='ltr'>Non</span> <span class='ocrx_word' id='word_1_25' title='bbox 524 549 664 605; x_wconf 87' lang='lat' dir='ltr'>longe</span> <span class='ocrx_word' id='word_1_26' title='bbox 684 555 789 605; x_wconf 90' lang='lat' dir='ltr'>post</span> <span class='ocrx_word' id='word_1_27' title='bbox 809 549 844 600; x_wconf 78' lang='lat'>²,</span> <span class='ocrx_word' id='word_1_28' title='bbox 870 546 1048 591; x_wconf 81' lang='lat' dir='ltr'>transiit</span> <span class='ocrx_word' id='word_1_29' title='bbox 1070 547 1128 591; x_wconf 88' lang='lat' dir='ltr'>ad</span> <span class='ocrx_word' id='word_1_30' title='bbox 1155 546 1388 591; x_wconf 91' lang='lat' dir='ltr'>meliorem</span> <span class='ocrx_word' id='word_1_31' title='bbox 1410 546 1551 589; x_wconf 90' lang='lat' dir='ltr'>vitam</span> <span class='ocrx_word' id='word_1_32' title='bbox 1573 546 1706 602; x_wconf 87' lang='lat' dir='ltr'>virgo</span> <span class='ocrx_word' id='word_1_33' title='bbox 1730 546 1824 589; x_wconf 90' lang='lat' dir='ltr'>Eli-</span> 
     </span>
     <span class='ocr_line' id='line_1_5' title="bbox 170 623 1825 682; baseline -0.002 -12"><span class='ocrx_word' id='word_1_34' title='bbox 170 628 350 671; x_wconf 81' lang='lat' dir='ltr'><strong>sabeth.</strong></span> <span class='ocrx_word' id='word_1_35' title='bbox 379 628 582 671; x_wconf 68' lang='lat' dir='ltr'>Vocatus</span> <span class='ocrx_word' id='word_1_36' title='bbox 606 626 671 669; x_wconf 87' lang='lat' dir='ltr'>fui</span> <span class='ocrx_word' id='word_1_37' title='bbox 693 631 799 669; x_wconf 86' lang='lat' dir='ltr'>c&#39;um</span> <span class='ocrx_word' id='word_1_38' title='bbox 823 639 847 681; x_wconf 90' lang='lat'>3</span> <span class='ocrx_word' id='word_1_39' title='bbox 871 625 1117 682; x_wconf 90' lang='lat' dir='ltr'>theologis,</span> <span class='ocrx_word' id='word_1_40' title='bbox 1143 624 1222 681; x_wconf 91' lang='lat' dir='ltr'>qui</span> <span class='ocrx_word' id='word_1_41' title='bbox 1244 623 1343 668; x_wconf 89' lang='lat' dir='ltr'>eius</span> <span class='ocrx_word' id='word_1_42' title='bbox 1366 624 1601 676; x_wconf 87' lang='lat' dir='ltr'>feretrum,</span> <span class='ocrx_word' id='word_1_43' title='bbox 1629 636 1654 667; x_wconf 88' lang='lat'><strong>2</strong></span> <span class='ocrx_word' id='word_1_44' title='bbox 1677 623 1825 667; x_wconf 90' lang='lat' dir='ltr'>antei-</span> 
     </span>
     <span class='ocr_line' id='line_1_6' title="bbox 173 700 1824 760; baseline -0.002 -14"><span class='ocrx_word' id='word_1_45' title='bbox 173 718 342 757; x_wconf 74' lang='lat' dir='ltr'>remus,</span> <span class='ocrx_word' id='word_1_46' title='bbox 369 716 394 748; x_wconf 87' lang='lat'><strong>2</strong></span> <span class='ocrx_word' id='word_1_47' title='bbox 433 718 744 760; x_wconf 72' lang='lat' dir='ltr'>sequeremur,</span> <span class='ocrx_word' id='word_1_48' title='bbox 774 703 898 759; x_wconf 90' lang='lat' dir='ltr'>quod</span> <span class='ocrx_word' id='word_1_49' title='bbox 926 717 1016 760; x_wconf 89' lang='lat' dir='ltr'>ego</span> <span class='ocrx_word' id='word_1_50' title='bbox 1044 709 1090 746; x_wconf 91' lang='lat' dir='ltr'>et</span> <span class='ocrx_word' id='word_1_51' title='bbox 1117 702 1313 746; x_wconf 87' lang='lat' dir='ltr'>libenter</span> <span class='ocrx_word' id='word_1_52' title='bbox 1340 700 1444 754; x_wconf 84' lang='lat' dir='ltr'>feci,</span> <span class='ocrx_word' id='word_1_53' title='bbox 1471 707 1518 745; x_wconf 92' lang='lat' dir='ltr'>et</span> <span class='ocrx_word' id='word_1_54' title='bbox 1545 714 1627 758; x_wconf 92' lang='lat' dir='ltr'>pro</span> <span class='ocrx_word' id='word_1_55' title='bbox 1656 715 1824 758; x_wconf 86' lang='lat' dir='ltr'>magno</span> 
     </span>
     <span class='ocr_line' id='line_1_7' title="bbox 174 780 1736 841; baseline -0.002 -17"><span class='ocrx_word' id='word_1_56' title='bbox 174 781 386 826; x_wconf 89' lang='lat' dir='ltr'>beneficii</span> <span class='ocrx_word' id='word_1_57' title='bbox 405 782 514 837; x_wconf 82' lang='lat' dir='ltr'>(sic)</span> <span class='ocrx_word' id='word_1_58' title='bbox 534 780 731 837; x_wconf 91' lang='lat' dir='ltr'>reposui.</span> <span class='ocrx_word' id='word_1_59' title='bbox 1733 838 1736 841; x_wconf 13' lang='grc' dir='ltr'><em>Δ</em></span> 
     </span>
    </p>

    <p class='ocr_par' dir='ltr' id='par_1_4' title="bbox 171 844 1858 2063">
     <span class='ocr_line' id='line_1_8' title="bbox 266 844 1858 914; baseline -0.003 -11"><span class='ocrx_word' id='word_1_60' title='bbox 266 871 336 914; x_wconf 89' lang='lat'>27.</span> <span class='ocrx_word' id='word_1_61' title='bbox 404 858 578 904; x_wconf 92' lang='lat' dir='ltr'>Audiui</span> <span class='ocrx_word' id='word_1_62' title='bbox 606 858 890 909; x_wconf 85' lang='lat' dir='ltr'>concionem,</span> <span class='ocrx_word' id='word_1_63' title='bbox 916 873 1052 914; x_wconf 91' lang='lat' dir='ltr'>quam</span> <span class='ocrx_word' id='word_1_64' title='bbox 1086 858 1144 901; x_wconf 93' lang='lat' dir='ltr'>de</span> <span class='ocrx_word' id='word_1_65' title='bbox 1171 857 1293 900; x_wconf 90' lang='lat' dir='ltr'>illius</span> <span class='ocrx_word' id='word_1_66' title='bbox 1326 857 1421 900; x_wconf 92' lang='lat' dir='ltr'>vita</span> <span class='ocrx_word' id='word_1_67' title='bbox 1456 863 1503 900; x_wconf 92' lang='lat' dir='ltr'>et</span> <span class='ocrx_word' id='word_1_68' title='bbox 1529 855 1644 900; x_wconf 88' lang='lat' dir='ltr'>actis</span> <span class='ocrx_word' id='word_1_69' title='bbox 1665 855 1826 899; x_wconf 87' lang='lat' dir='ltr'><strong>habuit</strong></span> <span class='ocrx_word' id='word_1_70' title='bbox 1856 844 1858 846; x_wconf 12' lang='lat' dir='ltr'>V</span> 
     </span>
     <span class='ocr_line' id='line_1_9' title="bbox 176 933 1826 988; baseline -0.004 -7"><span class='ocrx_word' id='word_1_71' title='bbox 176 936 412 981; x_wconf 89' lang='lat' dir='ltr'>Palouius:</span> <span class='ocrx_word' id='word_1_72' title='bbox 438 935 500 979; x_wconf 92' lang='lat' dir='ltr'>ibi</span> <span class='ocrx_word' id='word_1_73' title='bbox 523 950 633 980; x_wconf 93' lang='lat' dir='ltr'>vero</span> <span class='ocrx_word' id='word_1_74' title='bbox 650 935 866 979; x_wconf 91' lang='lat' dir='ltr'>maiorem</span> <span class='ocrx_word' id='word_1_75' title='bbox 884 934 1007 978; x_wconf 92' lang='lat' dir='ltr'>sensi</span> <span class='ocrx_word' id='word_1_76' title='bbox 1024 934 1162 977; x_wconf 91' lang='lat' dir='ltr'>animi</span> <span class='ocrx_word' id='word_1_77' title='bbox 1180 941 1226 978; x_wconf 90' lang='lat' dir='ltr'>et</span> <span class='ocrx_word' id='word_1_78' title='bbox 1244 936 1259 956; x_wconf 81' lang='lat'><strong>³</strong></span> <span class='ocrx_word' id='word_1_79' title='bbox 1277 933 1588 986; x_wconf 90' lang='lat' dir='ltr'>deuotionem,</span> <span class='ocrx_word' id='word_1_80' title='bbox 1609 939 1826 988; x_wconf 90' lang='lat' dir='ltr'>quantam</span> 
     </span>
     <span class='ocr_line' id='line_1_10' title="bbox 173 1009 1826 1070; baseline -0.003 -13"><span class='ocrx_word' id='word_1_81' title='bbox 173 1027 374 1070; x_wconf 87' lang='lat' dir='ltr'>vnquam</span> <span class='ocrx_word' id='word_1_82' title='bbox 396 1020 547 1057; x_wconf 91' lang='lat' dir='ltr'>antea:</span> <span class='ocrx_word' id='word_1_83' title='bbox 574 1020 698 1057; x_wconf 91' lang='lat' dir='ltr'>totus</span> <span class='ocrx_word' id='word_1_84' title='bbox 721 1012 785 1055; x_wconf 88' lang='lat' dir='ltr'>fui</span> <span class='ocrx_word' id='word_1_85' title='bbox 809 1013 988 1056; x_wconf 91' lang='lat' dir='ltr'>solutus</span> <span class='ocrx_word' id='word_1_86' title='bbox 1010 1011 1057 1054; x_wconf 89' lang='lat' dir='ltr'>in</span> <span class='ocrx_word' id='word_1_87' title='bbox 1088 1012 1330 1068; x_wconf 85' lang='lat' dir='ltr'>lacrymas,</span> <span class='ocrx_word' id='word_1_88' title='bbox 1355 1018 1406 1054; x_wconf 92' lang='lat' dir='ltr'>vt</span> <span class='ocrx_word' id='word_1_89' title='bbox 1429 1011 1662 1055; x_wconf 90' lang='lat' dir='ltr'>Torroella</span> <span class='ocrx_word' id='word_1_90' title='bbox 1689 1010 1722 1063; x_wconf 73' lang='lat'>⁴,</span> <span class='ocrx_word' id='word_1_91' title='bbox 1748 1009 1826 1066; x_wconf 92' lang='lat' dir='ltr'>qui</span> 
     </span>
     <span class='ocr_line' id='line_1_11' title="bbox 171 1086 1826 1148; baseline -0.004 -13"><span class='ocrx_word' id='word_1_92' title='bbox 171 1105 267 1135; x_wconf 89' lang='lat' dir='ltr'>non</span> <span class='ocrx_word' id='word_1_93' title='bbox 287 1092 426 1148; x_wconf 88' lang='lat' dir='ltr'>longe</span> <span class='ocrx_word' id='word_1_94' title='bbox 447 1106 475 1134; x_wconf 92' lang='lat' dir='ltr'>a</span> <span class='ocrx_word' id='word_1_95' title='bbox 496 1105 570 1134; x_wconf 93' lang='lat' dir='ltr'>me</span> <span class='ocrx_word' id='word_1_96' title='bbox 595 1091 768 1142; x_wconf 88' lang='lat' dir='ltr'>aberat,</span> <span class='ocrx_word' id='word_1_97' title='bbox 794 1089 1197 1133; x_wconf 87' lang='lat' dir='ltr'>animaduerteret.</span> <span class='ocrx_word' id='word_1_98' title='bbox 1230 1090 1386 1133; x_wconf 91' lang='lat' dir='ltr'>Redeo</span> <span class='ocrx_word' id='word_1_99' title='bbox 1409 1089 1597 1132; x_wconf 90' lang='lat' dir='ltr'>domum</span> <span class='ocrx_word' id='word_1_100' title='bbox 1621 1088 1717 1130; x_wconf 89' lang='lat' dir='ltr'>fere</span> <span class='ocrx_word' id='word_1_101' title='bbox 1737 1086 1826 1130; x_wconf 90' lang='lat' dir='ltr'>alio</span> 
     </span>
     <span class='ocr_line' id='line_1_12' title="bbox 171 1165 1833 1224; baseline -0.003 -12"><span class='ocrx_word' id='word_1_102' title='bbox 171 1168 342 1212; x_wconf 87' lang='lat' dir='ltr'>animo:</span> <span class='ocrx_word' id='word_1_103' title='bbox 383 1175 608 1224; x_wconf 91' lang='lat' dir='ltr'>concepta</span> <span class='ocrx_word' id='word_1_104' title='bbox 644 1167 721 1210; x_wconf 89' lang='lat' dir='ltr'>illa</span> <span class='ocrx_word' id='word_1_105' title='bbox 747 1166 934 1211; x_wconf 89' lang='lat' dir='ltr'>deuotio</span> <span class='ocrx_word' id='word_1_106' title='bbox 961 1181 1057 1210; x_wconf 90' lang='lat' dir='ltr'>non</span> <span class='ocrx_word' id='word_1_107' title='bbox 1085 1166 1278 1222; x_wconf 88' lang='lat' dir='ltr'>quieuit:</span> <span class='ocrx_word' id='word_1_108' title='bbox 1311 1165 1436 1210; x_wconf 91' lang='lat' dir='ltr'>volui</span> <span class='ocrx_word' id='word_1_109' title='bbox 1459 1165 1627 1209; x_wconf 92' lang='lat' dir='ltr'>librum</span> <span class='ocrx_word' id='word_1_110' title='bbox 1654 1165 1833 1221; x_wconf 88' lang='lat' dir='ltr'>legere,</span> 
     </span>
     <span class='ocr_line' id='line_1_13' title="bbox 173 1241 1829 1303; baseline -0.002 -14"><span class='ocrx_word' id='word_1_111' title='bbox 173 1245 255 1303; x_wconf 91' lang='lat' dir='ltr'>qui</span> <span class='ocrx_word' id='word_1_112' title='bbox 283 1254 380 1290; x_wconf 86' lang='lat' dir='ltr'>erat</span> <span class='ocrx_word' id='word_1_113' title='bbox 409 1244 712 1301; x_wconf 89' lang='lat' dir='ltr'>conscriptus,</span> <span class='ocrx_word' id='word_1_114' title='bbox 746 1245 804 1288; x_wconf 89' lang='lat' dir='ltr'>de</span> <span class='ocrx_word' id='word_1_115' title='bbox 832 1243 946 1288; x_wconf 90' lang='lat' dir='ltr'>actis</span> <span class='ocrx_word' id='word_1_116' title='bbox 975 1246 1028 1287; x_wconf 91' lang='lat' dir='ltr'>B.</span> <span class='ocrx_word' id='word_1_117' title='bbox 1061 1243 1380 1288; x_wconf 88' lang='lat' dir='ltr'>Elizabethae:</span> <span class='ocrx_word' id='word_1_118' title='bbox 1412 1243 1539 1286; x_wconf 91' lang='lat' dir='ltr'>illum</span> <span class='ocrx_word' id='word_1_119' title='bbox 1567 1241 1829 1286; x_wconf 87' lang='lat' dir='ltr'>auidissime</span> 
     </span>
     <span class='ocr_line' id='line_1_14' title="bbox 171 1319 1826 1380; baseline -0.004 -12"><span class='ocrx_word' id='word_1_120' title='bbox 171 1330 223 1368; x_wconf 82' lang='lat' dir='ltr'>et</span> <span class='ocrx_word' id='word_1_121' title='bbox 242 1337 349 1367; x_wconf 89' lang='lat' dir='ltr'>cum</span> <span class='ocrx_word' id='word_1_122' title='bbox 370 1337 463 1366; x_wconf 91' lang='lat' dir='ltr'>non</span> <span class='ocrx_word' id='word_1_123' title='bbox 479 1322 661 1380; x_wconf 86' lang='lat' dir='ltr'>vulgari</span> <span class='ocrx_word' id='word_1_124' title='bbox 678 1323 832 1365; x_wconf 87' lang='lat' dir='ltr'>fructu</span> <span class='ocrx_word' id='word_1_125' title='bbox 847 1322 942 1379; x_wconf 90' lang='lat' dir='ltr'>legi</span> <span class='ocrx_word' id='word_1_126' title='bbox 963 1337 1055 1366; x_wconf 92' lang='lat' dir='ltr'>non</span> <span class='ocrx_word' id='word_1_127' title='bbox 1078 1322 1235 1366; x_wconf 87' lang='lat' dir='ltr'>semel:</span> <span class='ocrx_word' id='word_1_128' title='bbox 1254 1321 1362 1365; x_wconf 90' lang='lat' dir='ltr'>inde</span> <span class='ocrx_word' id='word_1_129' title='bbox 1378 1320 1501 1365; x_wconf 88' lang='lat' dir='ltr'>sensi</span> <span class='ocrx_word' id='word_1_130' title='bbox 1516 1320 1666 1364; x_wconf 88' lang='lat' dir='ltr'>varias</span> <span class='ocrx_word' id='word_1_131' title='bbox 1687 1319 1826 1363; x_wconf 88' lang='lat' dir='ltr'>animi</span> 
     </span>
     <span class='ocr_line' id='line_1_15' title="bbox 173 1396 1826 1457; baseline -0.002 -13"><span class='ocrx_word' id='word_1_132' title='bbox 173 1400 400 1444; x_wconf 90' lang='lat' dir='ltr'>motiones</span> <span class='ocrx_word' id='word_1_133' title='bbox 422 1401 479 1443; x_wconf 90' lang='lat' dir='ltr'>ad</span> <span class='ocrx_word' id='word_1_134' title='bbox 502 1401 517 1422; x_wconf 82' lang='lat'>⁵</span> <span class='ocrx_word' id='word_1_135' title='bbox 540 1399 772 1457; x_wconf 90' lang='lat' dir='ltr'>pietatem.</span> <span class='ocrx_word' id='word_1_136' title='bbox 799 1399 1021 1453; x_wconf 88' lang='lat' dir='ltr'>Primum,</span> <span class='ocrx_word' id='word_1_137' title='bbox 1047 1405 1145 1443; x_wconf 91' lang='lat' dir='ltr'>erat</span> <span class='ocrx_word' id='word_1_138' title='bbox 1166 1398 1277 1442; x_wconf 92' lang='lat' dir='ltr'>mihi</span> <span class='ocrx_word' id='word_1_139' title='bbox 1293 1405 1476 1456; x_wconf 86' lang='lat' dir='ltr'>gratum</span> <span class='ocrx_word' id='word_1_140' title='bbox 1494 1412 1631 1454; x_wconf 90' lang='lat' dir='ltr'>quam</span> <span class='ocrx_word' id='word_1_141' title='bbox 1653 1396 1826 1454; x_wconf 85' lang='lat' dir='ltr'>saepis-</span> 
     </span>
     <span class='ocr_line' id='line_1_16' title="bbox 171 1474 1823 1534; baseline -0.003 -12"><span class='ocrx_word' id='word_1_142' title='bbox 171 1478 288 1523; x_wconf 88' lang='lat' dir='ltr'>sime</span> <span class='ocrx_word' id='word_1_143' title='bbox 309 1477 435 1521; x_wconf 91' lang='lat' dir='ltr'>cordi</span> <span class='ocrx_word' id='word_1_144' title='bbox 456 1477 716 1534; x_wconf 88' lang='lat' dir='ltr'>imprimere</span> <span class='ocrx_word' id='word_1_145' title='bbox 737 1477 922 1534; x_wconf 90' lang='lat' dir='ltr'>signum</span> <span class='ocrx_word' id='word_1_146' title='bbox 939 1477 1089 1521; x_wconf 90' lang='lat' dir='ltr'>crucis</span> <span class='ocrx_word' id='word_1_147' title='bbox 1105 1478 1121 1499; x_wconf 80' lang='lat'><strong>⁶</strong></span> <span class='ocrx_word' id='word_1_148' title='bbox 1141 1491 1246 1520; x_wconf 91' lang='lat' dir='ltr'>curn</span> <span class='ocrx_word' id='word_1_149' title='bbox 1262 1475 1554 1520; x_wconf 89' lang='lat' dir='ltr'>inuocatione</span> <span class='ocrx_word' id='word_1_150' title='bbox 1576 1474 1772 1519; x_wconf 88' lang='lat' dir='ltr'>nominis</span> <span class='ocrx_word' id='word_1_151' title='bbox 1791 1477 1823 1527; x_wconf 86' lang='lat'>⁷,</span> 
     </span>
     <span class='ocr_line' id='line_1_17' title="bbox 172 1553 1826 1612; baseline -0.002 -13"><span class='ocrx_word' id='word_1_152' title='bbox 172 1556 293 1610; x_wconf 83' lang='lat' dir='ltr'>Iesu3</span> <span class='ocrx_word' id='word_1_153' title='bbox 318 1555 429 1599; x_wconf 89' lang='lat' dir='ltr'>alias</span> <span class='ocrx_word' id='word_1_154' title='bbox 450 1555 644 1600; x_wconf 91' lang='lat' dir='ltr'>recitare</span> <span class='ocrx_word' id='word_1_155' title='bbox 671 1569 842 1612; x_wconf 88' lang='lat' dir='ltr'>magna</span> <span class='ocrx_word' id='word_1_156' title='bbox 869 1554 1163 1598; x_wconf 91' lang='lat' dir='ltr'>multitudine</span> <span class='ocrx_word' id='word_1_157' title='bbox 1184 1555 1200 1576; x_wconf 84' lang='lat'>⁸</span> <span class='ocrx_word' id='word_1_158' title='bbox 1230 1553 1567 1606; x_wconf 90' lang='lat' dir='ltr'>salutationem,</span> <span class='ocrx_word' id='word_1_159' title='bbox 1603 1560 1699 1596; x_wconf 91' lang='lat' dir='ltr'>tum</span> <span class='ocrx_word' id='word_1_160' title='bbox 1722 1566 1826 1595; x_wconf 91' lang='lat' dir='ltr'>ora-</span> 
     </span>
     <span class='ocr_line' id='line_1_18' title="bbox 173 1629 1827 1689; baseline -0.002 -13"><span class='ocrx_word' id='word_1_161' title='bbox 173 1632 343 1678; x_wconf 90' lang='lat' dir='ltr'>tionem</span> <span class='ocrx_word' id='word_1_162' title='bbox 365 1633 655 1677; x_wconf 84' lang='lat' dir='ltr'>dominicam:</span> <span class='ocrx_word' id='word_1_163' title='bbox 681 1632 724 1676; x_wconf 86' lang='lat' dir='ltr'>ill</span> <span class='ocrx_word' id='word_1_164' title='bbox 733 1633 794 1676; x_wconf 94' lang='lat' dir='ltr'>ud</span> <span class='ocrx_word' id='word_1_165' title='bbox 814 1639 1050 1689; x_wconf 87' lang='lat' dir='ltr'>praeterea</span> <span class='ocrx_word' id='word_1_166' title='bbox 1069 1631 1197 1676; x_wconf 92' lang='lat' dir='ltr'>venit</span> <span class='ocrx_word' id='word_1_167' title='bbox 1218 1631 1266 1674; x_wconf 91' lang='lat' dir='ltr'>in</span> <span class='ocrx_word' id='word_1_168' title='bbox 1294 1638 1511 1686; x_wconf 87' lang='lat' dir='ltr'>mentem,</span> <span class='ocrx_word' id='word_1_169' title='bbox 1541 1637 1592 1673; x_wconf 92' lang='lat' dir='ltr'>vt</span> <span class='ocrx_word' id='word_1_170' title='bbox 1613 1629 1827 1674; x_wconf 90' lang='lat' dir='ltr'>institue-</span> 
     </span>
     <span class='ocr_line' id='line_1_19' title="bbox 172 1706 1825 1768; baseline -0.003 -15"><span class='ocrx_word' id='word_1_171' title='bbox 172 1724 270 1754; x_wconf 90' lang='lat' dir='ltr'>rem</span> <span class='ocrx_word' id='word_1_172' title='bbox 291 1711 554 1768; x_wconf 86' lang='lat' dir='ltr'>generalem</span> <span class='ocrx_word' id='word_1_173' title='bbox 576 1709 912 1754; x_wconf 88' lang='lat' dir='ltr'>confessionem</span> <span class='ocrx_word' id='word_1_174' title='bbox 934 1711 949 1732; x_wconf 85' lang='lat'>⁹</span> <span class='ocrx_word' id='word_1_175' title='bbox 975 1709 1115 1753; x_wconf 89' lang='lat' dir='ltr'>totius</span> <span class='ocrx_word' id='word_1_176' title='bbox 1135 1709 1272 1753; x_wconf 90' lang='lat' dir='ltr'>vitae:</span> <span class='ocrx_word' id='word_1_177' title='bbox 1292 1710 1412 1752; x_wconf 93' lang='lat' dir='ltr'>hanc</span> <span class='ocrx_word' id='word_1_178' title='bbox 1435 1708 1522 1753; x_wconf 89' lang='lat' dir='ltr'>feci</span> <span class='ocrx_word' id='word_1_179' title='bbox 1539 1723 1676 1764; x_wconf 91' lang='lat' dir='ltr'>quam</span> <span class='ocrx_word' id='word_1_180' title='bbox 1697 1706 1825 1764; x_wconf 86' lang='lat' dir='ltr'>potui</span> 
     </span>
     <span class='ocr_line' id='line_1_20' title="bbox 171 1784 1821 1845; baseline -0.003 -13"><span class='ocrx_word' id='word_1_181' title='bbox 171 1787 371 1832; x_wconf 86' lang='lat' dir='ltr'>maxima</span> <span class='ocrx_word' id='word_1_182' title='bbox 397 1787 636 1845; x_wconf 86' lang='lat' dir='ltr'>diligentia</span> <span class='ocrx_word' id='word_1_183' title='bbox 658 1786 824 1840; x_wconf 89' lang='lat' dir='ltr'>triduo,</span> <span class='ocrx_word' id='word_1_184' title='bbox 857 1801 998 1844; x_wconf 93' lang='lat' dir='ltr'>quum</span> <span class='ocrx_word' id='word_1_185' title='bbox 1026 1786 1148 1830; x_wconf 91' lang='lat' dir='ltr'>illam</span> <span class='ocrx_word' id='word_1_186' title='bbox 1180 1801 1412 1844; x_wconf 85' lang='lat' dir='ltr'>parassem</span> <span class='ocrx_word' id='word_1_187' title='bbox 1443 1785 1617 1842; x_wconf 91' lang='lat' dir='ltr'>aliquot</span> <span class='ocrx_word' id='word_1_188' title='bbox 1644 1784 1821 1828; x_wconf 90' lang='lat' dir='ltr'>diebus:</span> 
     </span>
     <span class='ocr_line' id='line_1_21' title="bbox 173 1862 1822 1922; baseline -0.001 -15"><span class='ocrx_word' id='word_1_189' title='bbox 173 1864 298 1908; x_wconf 89' lang='lat' dir='ltr'>sensi</span> <span class='ocrx_word' id='word_1_190' title='bbox 325 1880 383 1909; x_wconf 83' lang='lat' dir='ltr'>ex</span> <span class='ocrx_word' id='word_1_191' title='bbox 409 1865 486 1909; x_wconf 91' lang='lat' dir='ltr'>illa</span> <span class='ocrx_word' id='word_1_192' title='bbox 517 1864 721 1922; x_wconf 86' lang='lat' dir='ltr'>generali</span> <span class='ocrx_word' id='word_1_193' title='bbox 750 1864 1041 1908; x_wconf 89' lang='lat' dir='ltr'>confessione</span> <span class='ocrx_word' id='word_1_194' title='bbox 1065 1879 1280 1922; x_wconf 88' lang='lat' dir='ltr'>magnam</span> <span class='ocrx_word' id='word_1_195' title='bbox 1309 1864 1447 1908; x_wconf 90' lang='lat' dir='ltr'>animi</span> <span class='ocrx_word' id='word_1_196' title='bbox 1474 1862 1822 1915; x_wconf 89' lang='lat' dir='ltr'>iucunditatem,</span> 
     </span>
     <span class='ocr_line' id='line_1_22' title="bbox 171 1938 1822 1998; baseline -0.002 -13"><span class='ocrx_word' id='word_1_197' title='bbox 171 1941 405 1986; x_wconf 87' lang='lat' dir='ltr'>combussi</span> <span class='ocrx_word' id='word_1_198' title='bbox 433 1942 652 1995; x_wconf 93' lang='lat' dir='ltr'>libellum,</span> <span class='ocrx_word' id='word_1_199' title='bbox 684 1957 742 1986; x_wconf 87' lang='lat' dir='ltr'>ex</span> <span class='ocrx_word' id='word_1_200' title='bbox 779 1956 871 1998; x_wconf 93' lang='lat' dir='ltr'>quo</span> <span class='ocrx_word' id='word_1_201' title='bbox 899 1957 1023 1986; x_wconf 82' lang='lat' dir='ltr'>eram</span> <span class='ocrx_word' id='word_1_202' title='bbox 1052 1943 1308 1995; x_wconf 86' lang='lat' dir='ltr'>confessus,</span> <span class='ocrx_word' id='word_1_203' title='bbox 1348 1942 1396 1985; x_wconf 92' lang='lat' dir='ltr'>in</span> <span class='ocrx_word' id='word_1_204' title='bbox 1423 1941 1574 1985; x_wconf 90' lang='lat' dir='ltr'>medio</span> <span class='ocrx_word' id='word_1_205' title='bbox 1606 1938 1822 1992; x_wconf 93' lang='lat' dir='ltr'>cubiculi,</span> 
     </span>
     <span class='ocr_line' id='line_1_23' title="bbox 171 2018 1825 2063; baseline -0.001 -1"><span class='ocrx_word' id='word_1_206' title='bbox 171 2032 344 2063; x_wconf 88' lang='lat' dir='ltr'>canens</span> <span class='ocrx_word' id='word_1_207' title='bbox 365 2019 595 2063; x_wconf 90' lang='lat' dir='ltr'>canticum</span> <span class='ocrx_word' id='word_1_208' title='bbox 618 2018 775 2063; x_wconf 91' lang='lat' dir='ltr'>Mosis:</span> <span class='ocrx_word' id='word_1_209' title='bbox 804 2020 1052 2062; x_wconf 79' lang='lat' dir='ltr'>Cantemus</span> <span class='ocrx_word' id='word_1_210' title='bbox 1080 2020 1296 2062; x_wconf 81' lang='lat' dir='ltr'>Domino.</span> <span class='ocrx_word' id='word_1_211' title='bbox 1322 2018 1503 2063; x_wconf 91' lang='lat' dir='ltr'>Deinde</span> <span class='ocrx_word' id='word_1_212' title='bbox 1530 2018 1679 2061; x_wconf 91' lang='lat' dir='ltr'>leuius</span> <span class='ocrx_word' id='word_1_213' title='bbox 1707 2031 1825 2061; x_wconf 91' lang='lat' dir='ltr'>non-</span> 
     </span>
    </p>
   </div>
   <div class='ocr_carea' id='block_1_3' title="bbox 180 2118 448 2125">
    <p class='ocr_par' dir='ltr' id='par_1_5' title="bbox 180 2118 448 2125">
     <span class='ocr_line' id='line_1_24' title="bbox 180 2118 448 2125; baseline 0 1385"><span class='ocrx_word' id='word_1_214' title='bbox 180 2118 448 2125; x_wconf 95' lang='lat' dir='ltr'> </span> 
     </span>
    </p>
   </div>
   <div class='ocr_carea' id='block_1_4' title="bbox 165 2161 1850 3166">
    <p class='ocr_par' dir='ltr' id='par_1_6' title="bbox 165 2161 1825 2330">
     <span class='ocr_line' id='line_1_25' title="bbox 245 2161 1825 2209; baseline -0.002 -11"><span class='ocrx_word' id='word_1_215' title='bbox 245 2163 257 2184; x_wconf 88' lang='lat'>¹</span> <span class='ocrx_word' id='word_1_216' title='bbox 309 2162 527 2209; x_wconf 85' lang='lat' dir='ltr'>«Ayudaba</span> <span class='ocrx_word' id='word_1_217' title='bbox 542 2162 778 2208; x_wconf 86' lang='lat' dir='ltr'>(Elisabeth)</span> <span class='ocrx_word' id='word_1_218' title='bbox 801 2165 823 2198; x_wconf 74' lang='lat' dir='ltr'>a</span> <span class='ocrx_word' id='word_1_219' title='bbox 853 2162 967 2198; x_wconf 92' lang='lat' dir='ltr'>todos</span> <span class='ocrx_word' id='word_1_220' title='bbox 980 2174 1055 2198; x_wconf 91' lang='lat' dir='ltr'>con</span> <span class='ocrx_word' id='word_1_221' title='bbox 1072 2163 1290 2209; x_wconf 87' lang='lat' dir='ltr'>oraciones,</span> <span class='ocrx_word' id='word_1_222' title='bbox 1309 2174 1384 2199; x_wconf 91' lang='lat' dir='ltr'>con</span> <span class='ocrx_word' id='word_1_223' title='bbox 1402 2162 1586 2209; x_wconf 75' lang='lat' dir='ltr'>lagrimas</span> <span class='ocrx_word' id='word_1_224' title='bbox 1602 2174 1630 2209; x_wconf 89' lang='lat' dir='ltr'><strong>y</strong></span> <span class='ocrx_word' id='word_1_225' title='bbox 1647 2161 1825 2209; x_wconf 88' lang='lat' dir='ltr'>peniten-</span> 
     </span>
     <span class='ocr_line' id='line_1_26' title="bbox 165 2220 1825 2270; baseline -0.001 -14"><span class='ocrx_word' id='word_1_226' title='bbox 165 2220 264 2262; x_wconf 85' lang='lat' dir='ltr'>cias;</span> <span class='ocrx_word' id='word_1_227' title='bbox 283 2234 310 2269; x_wconf 93' lang='lat' dir='ltr'><strong>y</strong></span> <span class='ocrx_word' id='word_1_228' title='bbox 326 2234 438 2259; x_wconf 92' lang='lat' dir='ltr'>como</span> <span class='ocrx_word' id='word_1_229' title='bbox 457 2223 565 2259; x_wconf 91' lang='lat' dir='ltr'>tenia</span> <span class='ocrx_word' id='word_1_230' title='bbox 577 2228 686 2258; x_wconf 89' lang='lat' dir='ltr'>tanto</span> <span class='ocrx_word' id='word_1_231' title='bbox 704 2223 868 2268; x_wconf 82' lang='lat' dir='ltr'>nombre</span> <span class='ocrx_word' id='word_1_232' title='bbox 886 2234 936 2258; x_wconf 89' lang='lat' dir='ltr'>en</span> <span class='ocrx_word' id='word_1_233' title='bbox 953 2223 991 2258; x_wconf 84' lang='lat' dir='ltr'>la</span> <span class='ocrx_word' id='word_1_234' title='bbox 1007 2221 1150 2258; x_wconf 90' lang='lat' dir='ltr'>ciudad</span> <span class='ocrx_word' id='word_1_235' title='bbox 1173 2234 1220 2258; x_wconf 89' lang='lat' dir='ltr'>su</span> <span class='ocrx_word' id='word_1_236' title='bbox 1233 2222 1392 2258; x_wconf 89' lang='lat' dir='ltr'>caridad</span> <span class='ocrx_word' id='word_1_237' title='bbox 1416 2222 1634 2270; x_wconf 71' lang='lat' dir='ltr'>espirstual,</span> <span class='ocrx_word' id='word_1_238' title='bbox 1659 2220 1825 2256; x_wconf 87' lang='lat' dir='ltr'>acudian</span> 
     </span>
     <span class='ocr_line' id='line_1_27' title="bbox 172 2280 1751 2330; baseline -0.001 -13"><span class='ocrx_word' id='word_1_239' title='bbox 172 2282 333 2318; x_wconf 88' lang='lat' dir='ltr'>muchos</span> <span class='ocrx_word' id='word_1_240' title='bbox 350 2285 373 2318; x_wconf 78' lang='lat' dir='ltr'>a</span> <span class='ocrx_word' id='word_1_241' title='bbox 390 2283 530 2330; x_wconf 90' lang='lat' dir='ltr'>pidirle</span> <span class='ocrx_word' id='word_1_242' title='bbox 547 2294 624 2330; x_wconf 89' lang='lat' dir='ltr'>que</span> <span class='ocrx_word' id='word_1_243' title='bbox 647 2284 706 2318; x_wconf 90' lang='lat' dir='ltr'>les</span> <span class='ocrx_word' id='word_1_244' title='bbox 724 2281 1034 2318; x_wconf 89' lang='lat' dir='ltr'>encomendasse</span> <span class='ocrx_word' id='word_1_245' title='bbox 1051 2285 1074 2318; x_wconf 76' lang='lat' dir='ltr'>a</span> <span class='ocrx_word' id='word_1_246' title='bbox 1092 2283 1228 2318; x_wconf 88' lang='lat' dir='ltr'>Dios.»</span> <span class='ocrx_word' id='word_1_247' title='bbox 1247 2283 1361 2330; x_wconf 83' lang='lat' dir='ltr'>MUT,</span> <span class='ocrx_word' id='word_1_248' title='bbox 1380 2283 1455 2318; x_wconf 89' lang='lat' dir='ltr'>loc.</span> <span class='ocrx_word' id='word_1_249' title='bbox 1471 2282 1556 2327; x_wconf 88' lang='lat' dir='ltr'>cit.‚</span> <span class='ocrx_word' id='word_1_250' title='bbox 1575 2293 1666 2329; x_wconf 87' lang='lat' dir='ltr'>pag.</span> <span class='ocrx_word' id='word_1_251' title='bbox 1692 2280 1751 2326; x_wconf 88' lang='lat'>56.</span> 
     </span>
    </p>

    <p class='ocr_par' dir='ltr' id='par_1_7' title="bbox 167 2339 1825 2568">
     <span class='ocr_line' id='line_1_28' title="bbox 243 2339 1825 2390; baseline -0.002 -12"><span class='ocrx_word' id='word_1_252' title='bbox 243 2343 258 2364; x_wconf 83' lang='lat'><strong>¹</strong></span> <span class='ocrx_word' id='word_1_253' title='bbox 309 2342 484 2390; x_wconf 88' lang='lat' dir='ltr'>Scilicet,</span> <span class='ocrx_word' id='word_1_254' title='bbox 520 2354 657 2378; x_wconf 88' lang='lat' dir='ltr'>mense</span> <span class='ocrx_word' id='word_1_255' title='bbox 688 2342 796 2389; x_wconf 85' lang='lat' dir='ltr'>Maji,</span> <span class='ocrx_word' id='word_1_256' title='bbox 826 2343 929 2377; x_wconf 87' lang='lat' dir='ltr'>anno</span> <span class='ocrx_word' id='word_1_257' title='bbox 962 2350 1069 2389; x_wconf 86' lang='lat'>1542,</span> <span class='ocrx_word' id='word_1_258' title='bbox 1099 2347 1143 2378; x_wconf 89' lang='lat' dir='ltr'>ut</span> <span class='ocrx_word' id='word_1_259' title='bbox 1172 2347 1327 2378; x_wconf 89' lang='lat' dir='ltr'>constat</span> <span class='ocrx_word' id='word_1_260' title='bbox 1354 2354 1406 2378; x_wconf 85' lang='lat' dir='ltr'>ex</span> <span class='ocrx_word' id='word_1_261' title='bbox 1426 2343 1490 2378; x_wconf 89' lang='lat' dir='ltr'>his</span> <span class='ocrx_word' id='word_1_262' title='bbox 1521 2341 1654 2378; x_wconf 90' lang='lat' dir='ltr'>verbis</span> <span class='ocrx_word' id='word_1_263' title='bbox 1678 2339 1825 2377; x_wconf 90' lang='lat' dir='ltr'>laudati</span> 
     </span>
     <span class='ocr_line' id='line_1_29' title="bbox 167 2399 1824 2449; baseline -0.002 -13"><span class='ocrx_word' id='word_1_264' title='bbox 167 2402 354 2437; x_wconf 82' lang='lat' dir='ltr'>auctoris:</span> <span class='ocrx_word' id='word_1_265' title='bbox 375 2403 433 2438; x_wconf 90' lang='lat' dir='ltr'>«Y</span> <span class='ocrx_word' id='word_1_266' title='bbox 450 2401 642 2438; x_wconf 88' lang='lat' dir='ltr'>abrazada</span> <span class='ocrx_word' id='word_1_267' title='bbox 658 2413 734 2437; x_wconf 89' lang='lat' dir='ltr'>con</span> <span class='ocrx_word' id='word_1_268' title='bbox 747 2403 862 2449; x_wconf 88' lang='lat' dir='ltr'>aquel</span> <span class='ocrx_word' id='word_1_269' title='bbox 881 2402 1002 2438; x_wconf 85' lang='lat' dir='ltr'>Santo</span> <span class='ocrx_word' id='word_1_270' title='bbox 1020 2402 1218 2438; x_wconf 85' lang='lat' dir='ltr'>Crucifixo</span> <span class='ocrx_word' id='word_1_271' title='bbox 1234 2414 1311 2449; x_wconf 92' lang='lat' dir='ltr'>que</span> <span class='ocrx_word' id='word_1_272' title='bbox 1330 2407 1458 2438; x_wconf 89' lang='lat' dir='ltr'>tantas</span> <span class='ocrx_word' id='word_1_273' title='bbox 1477 2414 1596 2438; x_wconf 90' lang='lat' dir='ltr'>uezes</span> <span class='ocrx_word' id='word_1_274' title='bbox 1620 2401 1708 2436; x_wconf 85' lang='lat' dir='ltr'>auia</span> <span class='ocrx_word' id='word_1_275' title='bbox 1722 2399 1824 2435; x_wconf 91' lang='lat' dir='ltr'>uisto</span> 
     </span>
     <span class='ocr_line' id='line_1_30' title="bbox 170 2460 1823 2510; baseline -0.001 -14"><span class='ocrx_word' id='word_1_276' title='bbox 170 2460 291 2496; x_wconf 87' lang='lat' dir='ltr'>sudar</span> <span class='ocrx_word' id='word_1_277' title='bbox 306 2473 463 2509; x_wconf 86' lang='lat' dir='ltr'>sangre,</span> <span class='ocrx_word' id='word_1_278' title='bbox 478 2464 516 2499; x_wconf 89' lang='lat' dir='ltr'>le</span> <span class='ocrx_word' id='word_1_279' title='bbox 533 2463 598 2499; x_wconf 77' lang='lat' dir='ltr'>dio</span> <span class='ocrx_word' id='word_1_280' title='bbox 616 2476 663 2499; x_wconf 91' lang='lat' dir='ltr'>su</span> <span class='ocrx_word' id='word_1_281' title='bbox 680 2463 842 2499; x_wconf 89' lang='lat' dir='ltr'>diehoso</span> <span class='ocrx_word' id='word_1_282' title='bbox 865 2464 1030 2510; x_wconf 85' lang='lat' dir='ltr'>espiritu</span> <span class='ocrx_word' id='word_1_283' title='bbox 1048 2475 1118 2510; x_wconf 92' lang='lat' dir='ltr'>por</span> <span class='ocrx_word' id='word_1_284' title='bbox 1135 2463 1251 2509; x_wconf 93' lang='lat' dir='ltr'>Mayo</span> <span class='ocrx_word' id='word_1_285' title='bbox 1270 2462 1320 2498; x_wconf 91' lang='lat' dir='ltr'>de</span> <span class='ocrx_word' id='word_1_286' title='bbox 1341 2471 1471 2508; x_wconf 86' lang='lat'>1542.»</span> <span class='ocrx_word' id='word_1_287' title='bbox 1504 2463 1616 2508; x_wconf 84' lang='lat' dir='ltr'>MUT‚</span> <span class='ocrx_word' id='word_1_288' title='bbox 1644 2463 1718 2497; x_wconf 89' lang='lat' dir='ltr'>loc.</span> <span class='ocrx_word' id='word_1_289' title='bbox 1739 2460 1823 2505; x_wconf 91' lang='lat' dir='ltr'>cit.‚</span> 
     </span>
     <span class='ocr_line' id='line_1_31' title="bbox 174 2530 369 2568; baseline 0.005 -12"><span class='ocrx_word' id='word_1_290' title='bbox 174 2531 266 2568; x_wconf 87' lang='lat' dir='ltr'>pag.</span> <span class='ocrx_word' id='word_1_291' title='bbox 289 2530 369 2567; x_wconf 84' lang='lat'>127.</span> 
     </span>
    </p>

    <p class='ocr_par' dir='ltr' id='par_1_8' title="bbox 244 2581 1389 2629">
     <span class='ocr_line' id='line_1_32' title="bbox 244 2581 1389 2629; baseline 0.002 -14"><span class='ocrx_word' id='word_1_292' title='bbox 244 2581 259 2601; x_wconf 80' lang='lat'><strong>³</strong></span> <span class='ocrx_word' id='word_1_293' title='bbox 309 2581 388 2626; x_wconf 88' lang='lat' dir='ltr'>Sic;</span> <span class='ocrx_word' id='word_1_294' title='bbox 410 2593 547 2617; x_wconf 90' lang='lat' dir='ltr'>verum</span> <span class='ocrx_word' id='word_1_295' title='bbox 565 2582 764 2629; x_wconf 87' lang='lat' dir='ltr'>superflua</span> <span class='ocrx_word' id='word_1_296' title='bbox 780 2583 879 2618; x_wconf 90' lang='lat' dir='ltr'>haec</span> <span class='ocrx_word' id='word_1_297' title='bbox 896 2582 1089 2629; x_wconf 89' lang='lat' dir='ltr'>particula</span> <span class='ocrx_word' id='word_1_298' title='bbox 1106 2593 1195 2617; x_wconf 87' lang='lat' dir='ltr'>esse</span> <span class='ocrx_word' id='word_1_299' title='bbox 1215 2581 1389 2618; x_wconf 88' lang='lat' dir='ltr'>videtur.</span> 
     </span>
    </p>

    <p class='ocr_par' dir='ltr' id='par_1_9' title="bbox 240 2640 1442 2689">
     <span class='ocr_line' id='line_1_33' title="bbox 240 2640 1442 2689; baseline 0.001 -13"><span class='ocrx_word' id='word_1_300' title='bbox 240 2641 255 2661; x_wconf 81' lang='lat'><strong>⁴</strong></span> <span class='ocrx_word' id='word_1_301' title='bbox 305 2640 501 2676; x_wconf 79' lang='lat' dir='ltr'>Antonius</span> <span class='ocrx_word' id='word_1_302' title='bbox 519 2641 734 2684; x_wconf 87' lang='lat' dir='ltr'>Torroella,</span> <span class='ocrx_word' id='word_1_303' title='bbox 753 2642 981 2686; x_wconf 88' lang='lat' dir='ltr'>eanonicus,</span> <span class='ocrx_word' id='word_1_304' title='bbox 1001 2641 1050 2677; x_wconf 89' lang='lat' dir='ltr'>de</span> <span class='ocrx_word' id='word_1_305' title='bbox 1068 2653 1147 2689; x_wconf 93' lang='lat' dir='ltr'>quo</span> <span class='ocrx_word' id='word_1_306' title='bbox 1171 2653 1302 2689; x_wconf 88' lang='lat' dir='ltr'>supra,</span> <span class='ocrx_word' id='word_1_307' title='bbox 1322 2653 1362 2677; x_wconf 89' lang='lat' dir='ltr'>n.</span> <span class='ocrx_word' id='word_1_308' title='bbox 1386 2649 1442 2686; x_wconf 90' lang='lat'>17.</span> 
     </span>
    </p>

    <p class='ocr_par' dir='ltr' id='par_1_10' title="bbox 244 2700 480 2744">
     <span class='ocr_line' id='line_1_34' title="bbox 244 2700 480 2744; baseline 0 -9"><span class='ocrx_word' id='word_1_309' title='bbox 244 2700 259 2721; x_wconf 83' lang='lat'>⁵</span> <span class='ocrx_word' id='word_1_310' title='bbox 309 2700 400 2744; x_wconf 91' lang='lat' dir='ltr'>Ms.,</span> <span class='ocrx_word' id='word_1_311' title='bbox 419 2712 480 2736; x_wconf 83' lang='lat' dir='ltr'>ex.</span> 
     </span>
    </p>

    <p class='ocr_par' dir='ltr' id='par_1_11' title="bbox 169 2759 1824 2927">
     <span class='ocr_line' id='line_1_35' title="bbox 242 2759 1822 2807; baseline -0.001 -12"><span class='ocrx_word' id='word_1_312' title='bbox 242 2760 258 2781; x_wconf 66' lang='grc' dir='ltr'><strong>ὅ</strong></span> <span class='ocrx_word' id='word_1_313' title='bbox 307 2760 446 2796; x_wconf 88' lang='lat' dir='ltr'>Totius</span> <span class='ocrx_word' id='word_1_314' title='bbox 461 2760 567 2797; x_wconf 85' lang='lat' dir='ltr'>vitae</span> <span class='ocrx_word' id='word_1_315' title='bbox 584 2773 703 2797; x_wconf 93' lang='lat' dir='ltr'>cursu</span> <span class='ocrx_word' id='word_1_316' title='bbox 721 2761 898 2797; x_wconf 89' lang='lat' dir='ltr'>servavit</span> <span class='ocrx_word' id='word_1_317' title='bbox 921 2761 966 2796; x_wconf 89' lang='lat' dir='ltr'>P.</span> <span class='ocrx_word' id='word_1_318' title='bbox 987 2761 1111 2796; x_wconf 89' lang='lat' dir='ltr'>Nadal</span> <span class='ocrx_word' id='word_1_319' title='bbox 1130 2762 1232 2797; x_wconf 87' lang='lat' dir='ltr'>hanc</span> <span class='ocrx_word' id='word_1_320' title='bbox 1256 2773 1351 2807; x_wconf 87' lang='lat' dir='ltr'>erga</span> <span class='ocrx_word' id='word_1_321' title='bbox 1374 2761 1530 2807; x_wconf 90' lang='lat' dir='ltr'>signum</span> <span class='ocrx_word' id='word_1_322' title='bbox 1554 2760 1682 2795; x_wconf 87' lang='lat' dir='ltr'>crucis</span> <span class='ocrx_word' id='word_1_323' title='bbox 1705 2759 1822 2794; x_wconf 86' lang='lat' dir='ltr'>devo-</span> 
     </span>
     <span class='ocr_line' id='line_1_36' title="bbox 169 2818 1824 2868; baseline 0 -14"><span class='ocrx_word' id='word_1_324' title='bbox 169 2818 333 2864; x_wconf 87' lang='lat' dir='ltr'>tionem,</span> <span class='ocrx_word' id='word_1_325' title='bbox 353 2825 397 2855; x_wconf 92' lang='lat' dir='ltr'>ut</span> <span class='ocrx_word' id='word_1_326' title='bbox 421 2820 556 2856; x_wconf 91' lang='lat' dir='ltr'>videre</span> <span class='ocrx_word' id='word_1_327' title='bbox 575 2826 637 2856; x_wconf 88' lang='lat' dir='ltr'>est</span> <span class='ocrx_word' id='word_1_328' title='bbox 654 2821 696 2857; x_wconf 87' lang='lat' dir='ltr'>in</span> <span class='ocrx_word' id='word_1_329' title='bbox 713 2821 833 2857; x_wconf 90' lang='lat' dir='ltr'>variis</span> <span class='ocrx_word' id='word_1_330' title='bbox 850 2821 1069 2866; x_wconf 90' lang='lat' dir='ltr'>codicibus,</span> <span class='ocrx_word' id='word_1_331' title='bbox 1094 2821 1161 2868; x_wconf 93' lang='lat' dir='ltr'>qui</span> <span class='ocrx_word' id='word_1_332' title='bbox 1179 2822 1229 2856; x_wconf 89' lang='lat' dir='ltr'>ab</span> <span class='ocrx_word' id='word_1_333' title='bbox 1247 2822 1334 2868; x_wconf 91' lang='lat' dir='ltr'>ipso</span> <span class='ocrx_word' id='word_1_334' title='bbox 1359 2820 1509 2856; x_wconf 87' lang='lat' dir='ltr'>exarati</span> <span class='ocrx_word' id='word_1_335' title='bbox 1532 2820 1706 2863; x_wconf 84' lang='lat' dir='ltr'>fuerunt,</span> <span class='ocrx_word' id='word_1_336' title='bbox 1730 2830 1824 2866; x_wconf 91' lang='lat' dir='ltr'>quo—</span> 
     </span>
     <span class='ocr_line' id='line_1_37' title="bbox 169 2879 1201 2927; baseline 0.001 -13"><span class='ocrx_word' id='word_1_337' title='bbox 169 2889 255 2914; x_wconf 87' lang='lat' dir='ltr'>rum</span> <span class='ocrx_word' id='word_1_338' title='bbox 273 2879 453 2925; x_wconf 88' lang='lat' dir='ltr'>singulae</span> <span class='ocrx_word' id='word_1_339' title='bbox 471 2881 651 2927; x_wconf 86' lang='lat' dir='ltr'>pagellae</span> <span class='ocrx_word' id='word_1_340' title='bbox 668 2892 786 2916; x_wconf 86' lang='lat' dir='ltr'>cruce</span> <span class='ocrx_word' id='word_1_341' title='bbox 804 2881 983 2927; x_wconf 84' lang='lat' dir='ltr'>signatae</span> <span class='ocrx_word' id='word_1_342' title='bbox 1003 2880 1201 2916; x_wconf 91' lang='lat' dir='ltr'>videntur.</span> 
     </span>
    </p>

    <p class='ocr_par' dir='ltr' id='par_1_12' title="bbox 244 2939 596 2985">
     <span class='ocr_line' id='line_1_38' title="bbox 244 2939 596 2985; baseline 0.009 -12"><span class='ocrx_word' id='word_1_343' title='bbox 244 2941 256 2960; x_wconf 81' lang='lat'>⁷</span> <span class='ocrx_word' id='word_1_344' title='bbox 308 2939 398 2985; x_wconf 88' lang='lat' dir='ltr'>Ms.,</span> <span class='ocrx_word' id='word_1_345' title='bbox 417 2941 596 2976; x_wconf 86' lang='lat' dir='ltr'>nomine.</span> 
     </span>
    </p>

    <p class='ocr_par' dir='ltr' id='par_1_13' title="bbox 172 2997 1825 3106">
     <span class='ocr_line' id='line_1_39' title="bbox 242 2997 1825 3048; baseline -0.001 -14"><span class='ocrx_word' id='word_1_346' title='bbox 242 2999 258 3020; x_wconf 82' lang='lat'>⁸</span> <span class='ocrx_word' id='word_1_347' title='bbox 306 2998 420 3035; x_wconf 87' lang='lat' dir='ltr'>Prius</span> <span class='ocrx_word' id='word_1_348' title='bbox 438 2999 650 3047; x_wconf 87' lang='lat' dir='ltr'>scripserat</span> <span class='ocrx_word' id='word_1_349' title='bbox 666 3000 792 3036; x_wconf 90' lang='lat' dir='ltr'>Nadal</span> <span class='ocrx_word' id='word_1_350' title='bbox 810 3012 1008 3048; x_wconf 83' lang='lat' dir='ltr'>magnam</span> <span class='ocrx_word' id='word_1_351' title='bbox 1032 3001 1359 3043; x_wconf 81' lang='lat' dir='ltr'>multitudinem‚·</span> <span class='ocrx_word' id='word_1_352' title='bbox 1377 3005 1514 3046; x_wconf 91' lang='lat' dir='ltr'>postea</span> <span class='ocrx_word' id='word_1_353' title='bbox 1540 2997 1690 3034; x_wconf 88' lang='lat' dir='ltr'>delevit</span> <span class='ocrx_word' id='word_1_354' title='bbox 1719 2997 1825 3034; x_wconf 88' lang='lat' dir='ltr'>litte—</span> 
     </span>
     <span class='ocr_line' id='line_1_40' title="bbox 172 3057 784 3106; baseline 0.007 -15"><span class='ocrx_word' id='word_1_355' title='bbox 172 3067 255 3092; x_wconf 81' lang='lat' dir='ltr'>ram</span> <span class='ocrx_word' id='word_1_356' title='bbox 273 3070 313 3093; x_wconf 90' lang='lat' dir='ltr'>m</span> <span class='ocrx_word' id='word_1_357' title='bbox 331 3057 372 3094; x_wconf 91' lang='lat' dir='ltr'>in</span> <span class='ocrx_word' id='word_1_358' title='bbox 390 3063 557 3106; x_wconf 89' lang='lat' dir='ltr'>utroque</span> <span class='ocrx_word' id='word_1_359' title='bbox 575 3060 784 3095; x_wconf 86' lang='lat' dir='ltr'>vocabulo.</span> 
     </span>
    </p>

    <p class='ocr_par' dir='ltr' id='par_1_14' title="bbox 245 3117 1850 3166">
     <span class='ocr_line' id='line_1_41' title="bbox 245 3117 1850 3166; baseline 0.004 -14"><span class='ocrx_word' id='word_1_360' title='bbox 245 3118 260 3138; x_wconf 85' lang='lat'>⁹</span> <span class='ocrx_word' id='word_1_361' title='bbox 310 3117 399 3162; x_wconf 90' lang='lat' dir='ltr'>Ms.,</span> <span class='ocrx_word' id='word_1_362' title='bbox 424 3118 699 3166; x_wconf 85' lang='lat' dir='ltr'>confessionis.</span> <span class='ocrx_word' id='word_1_363' title='bbox 1831 3125 1850 3146; x_wconf 70' lang='lat'>⁸</span> 
     </span>
    </p>
   </div>
  </div>
 </body>
</html>
