2020 3464
255 259 325 295 806
883 259 1021 295 EP1s‘r.
1049 259 1093 295 P.
1122 259 1273 296 NADAL

255 358 368 400 bens
391 357 448 400 ad
471 356 631 401 fratres
653 362 699 400 et
722 358 882 400 Patres
903 356 1212 413 promulgauit
1235 358 1372 401 Pater
1394 356 1558 410 Miron‚
1583 363 1631 400 et
1656 355 1739 414 figi
1765 355 1897 400 iussit

255 415 392 459 variis
414 415 461 458 in
484 411 665 472 collegii
686 415 823 459 huius
845 414 1066 472 partibus,
1092 423 1143 459 ut
1166 416 1342 460 facilius
1365 416 1558 472 quisque
1573 423 1620 460 et
1635 415 1892 461 considera-

255 475 346 518 tius
369 490 523 520 earum
546 475 783 531 epularum
799 475 969 519 habere
985 476 1212 519 delectum
1229 483 1399 533 posset,
1419 477 1458 520 si
1475 491 1591 532 quae
1606 475 1754 533 magis
1771 476 1894 519 face-

255 541 358 580 rent
382 535 439 578 ad
461 536 763 578 stomachum.

342 594 465 638 Hinc
487 600 664 638 tantum
686 594 886 651 peruasit
913 595 1076 637 fratres
1103 609 1263 638 omnes
1290 578 1508 648 studium,
1542 601 1760 650 tantaque
1786 609 1891 651 pro-

257 654 403 697 fectus
419 653 490 697 sui
507 653 804 698 inflammauit
821 653 1063 710 cupiditas,
1077 660 1129 696 ut
1145 668 1304 698 omnes
1322 654 1472 697 omnia
1490 655 1755 700 affectarent
1771 668 1894 698 mor-

255 713 555 757 tificationum
578 728 749 770 genera
770 713 1003 769 maiorque
1026 712 1194 756 fuerit
1183 728 1228 756 in
1251 714 1537 770 reprimendo
1552 728 1688 770 quam
1705 713 1753 756 in
1769 713 1893 757 exci-

255 774 393 816 tando
414 773 556 817 labor.
582 773 743 817 Extitit
765 780 889 818 certe
910 775 997 816 hoc
1019 772 1316 816 laetissimum
1344 773 1556 817 omnibus
1582 774 1893 830 spectaculum

254 831 518 876 uidentibus
541 839 667 876 tanta
689 847 847 876 omnes
869 831 974 876 ferri
997 831 1260 888 cupiditate,
1286 832 1352 876 sic
1374 839 1586 890 appetere
1607 840 1653 877 et
1670 833 1895 888 quodam—

254 893 389 935 modo
412 892 582 936 ambire
605 892 696 947 illa,
721 907 840 948 quae
863 899 953 935 tam
975 892 1237 936 uehementi
1259 893 1410 936 studio
1438 894 1636 948 humana
1662 899 1895 949 respueret

254 959 433 996 natura.
455 952 605 1004 Multi,
626 967 809 997 carnem
828 950 1191 1008 sanguinemque
1207 951 1401 1008 pedibus
1417 952 1755 1006 conculcantes,
1772 951 1895 995 omni

255 1013 423 1055 affectu
461 1013 881 1068 complectebantur
917 1011 1074 1054 infima
1100 1024 1309 1067 quaeque
1340 1019 1386 1063 et
1418 1011 1721 1056 abiectissima
1753 1011 1895 1055 totius
1947 1032 1948 1035 ¹

254 1071 417 1114 domus
439 1071 703 1124 ministeria,
729 1071 919 1127 aliisque
939 1069 1208 1114 humilitatis
1235 1072 1442 1128 exemplo
1470 1085 1575 1114 cum
1602 1071 1889 1127 prodessent,

254 1130 339 1173 sibi
375 1130 485 1187 ipsis
521 1131 716 1174 multum
753 1130 939 1187 spiritus
974 1129 1271 1175 renouatione
1301 1130 1616 1187 proficiebant.
1657 1130 1893 1187 Quosdam

253 1190 404 1245 coqui,
431 1190 541 1234 alios
563 1190 697 1234 condi
718 1190 882 1247 promi,
907 1189 1019 1233 alios
1035 1190 1267 1246 emptoris,
1286 1205 1379 1234 non
1394 1204 1566 1247 paucos
1582 1189 1680 1233 aliis
1701 1189 1892 1233 aliorum

251 1249 517 1293 muneribus
545 1251 792 1307 fungentes
818 1249 1015 1304 uideres;
1046 1263 1131 1293 nec
1162 1250 1348 1294 fuerunt
1374 1264 1534 1307 parum
1561 1249 1708 1303 multi,
1740 1248 1818 1305 qui
1845 1248 1891 1292 in

253 1308 447 1352 triclinio
469 1323 661 1366 corpora
682 1324 765 1354 sua
787 1310 907 1353 ultro
928 1309 1222 1366 castigarent,
1242 1309 1423 1353 ueniam
1440 1324 1550 1353 suae
1566 1308 1889 1366 negligentiae,

252 1368 382 1424 siqua
404 1369 585 1413 fuerat
574 1384 621 1412 m
643 1369 814 1426 regulis
837 1368 1149 1422 obseruandis,
1170 1368 1432 1437 suppliciter
1453 1375 1710 1426 poscentes.

341 1429 447 1472 Fuit
474 1435 520 1472 et
547 1428 661 1472 alius
689 1430 799 1473 ordo
821 1443 995 1482 eorum,
1020 1428 1099 1484 qui
1121 1428 1227 1472 uel
1216 1428 1396 1474 ieiuniis
1413 1443 1466 1473 ac
1487 1427 1645 1472 ciliciis
1667 1442 1715 1472 se
1731 1433 1893 1484 sponte

251 1494 553 1533 macerarunt.

341 1548 427 1592 His
466 1546 1102 1615 accesseruntJantiquiores
1090 1562 1178 1591 iam
1208 1547 1331 1593 uitae
1358 1547 1595 1601 electione,
1629 1547 1711 1591 sed
1741 1545 1894 1590 studio

251 1607 516 1662 proficiendi
546 1607 724 1662 nouitii,
756 1606 834 1663 qui
855 1606 1132 1651 nouitiorum
1160 1621 1285 1651 more
1313 1607 1471 1652 uiuere
1492 1614 1718 1664 optantes,
1743 1605 1892 1648 chiro-

251 1666 438 1723 graphis
456 1667 670 1734 acceptis,
691 1642 936 1711 iioluntarii
952 1666 1038 1710 sibi
1060 1666 1290 1710 silentium
1312 1666 1590 1720 indixerunt,
1615 1673 1661 1710 et
1676 1665 1774 1711 eius
1792 1664 1892 1708 uio-

250 1726 329 1770 lati
350 1726 622 1770 constitutas
644 1741 814 1783 poenas
834 1725 1132 1770 libentissime
1153 1727 1487 1783 persoluerunt.

341 1788 528 1830 Praeter
549 1788 822 1842 hosmagna
843 1793 940 1830 erat
961 1785 1092 1842 copia
1112 1786 1366 1843 petentium
1388 1794 1440 1829 ut
1461 1787 1509 1830 in
1532 1788 1719 1829 Patrum
1737 1790 1782 1829 et
1800 1784 1891 1828 fra—

251 1852 370 1888 trum
409 1845 827 1902 conquiescentium
866 1845 1092 1901 frequenti
1129 1860 1347 1890 consessu
1384 1845 1564 1902 publice
1600 1850 1886 1897 notarentur;

249 1906 377 1961 quod*
396 1905 526 1949 facile
547 1912 618 1949 est
638 1905 945 1962 impetratum,
971 1920 1063 1948 non
1086 1906 1231 1949 solum
1250 1912 1301 1948 ut
1316 1920 1371 1949 eo
1389 1913 1592 1962 tempore
1607 1911 1654 1949 et
1675 1905 1791 1957 loco,
1809 1904 1890 1948 sed

249 1964 386 2008 etiam
408 1972 459 2008 ut
481 1965 528 2008 in
550 1964 744 2009 triclinio
766 1965 954 2021 prandia
975 1979 1111 2021 saepe
1133 1972 1179 2008 et
1200 1979 1371 2010 coenae
1386 1967 1474 2009 hoc
1491 1963 1621 2008 nobis
1637 1964 1730 2007 sale
1746 1963 1890 2006 multo

250 2024 544 2068 condirentur
566 2025 846 2068 commodius
868 2031 914 2068 et
936 2024 1139 2068 suauius.
1167 2024 1292 2081 Quid
1320 2024 1468 2069 dicam
1498 2026 1556 2069 de
1583 2022 1750 2067 nostris
1777 2037 1890 2079 aga-

249 2083 453 2137 sonibus,
480 2084 557 2140 qui
579 2084 736 2140 paucis
758 2084 919 2128 diebus
935 2099 1051 2140 pene
1067 2084 1421 2129 innumerabiles
1437 2084 1702 2137 extiterunt,
1724 2081 1891 2126 uilibus

249 2143 486 2199 etritisque
508 2143 715 2188 uestibus
737 2145 853 2187 male
876 2143 1047 2198 uestiti,
1073 2158 1179 2200 prae
1206 2158 1256 2187 se
1283 2143 1487 2188 iumenta
1514 2144 1650 2188 rebus
1677 2155 1890 2187 necessa-

249 2202 327 2246 riis
349 2210 515 2247 onusta
535 2206 626 2246 huc
647 2203 755 2246 illuc
777 2219 856 2260 per
878 2210 1019 2246 totam
1043 2204 1202 2247 urbem
1220 2210 1425 2260 agentes.

338 2262 550 2306 Iniuriam
568 2263 784 2320 operariis
803 2262 980 2316 faciam,
1000 2262 1038 2306 si
1054 2263 1199 2319 patiar
1216 2278 1297 2308 eos
1314 2263 1361 2306 in
1378 2264 1573 2306 obscuro
1589 2261 1752 2314 iacere,
1773 2274 1888 2318 quo-

248 2336 348 2364 rum
382 2337 518 2378 opera
554 2322 601 2366 in
628 2323 848 2366 uertenda
874 2323 1290 2379 comportandaque
1319 2330 1438 2366 terra
1465 2328 1511 2367 et
1538 2321 1661 2365 omni
1692 2320 1888 2376 denique

246 2381 448 2437 lapidum
470 2381 790 2439 lignorumque
811 2381 1008 2438 collegio
1030 2380 1312 2426 aedificando
1333 2381 1520 2426 materie
1545 2387 1724 2426 uersata
1745 2387 1814 2425 est
1841 2386 1888 2423 et

250 2448 503 2497 perspecta.

336 2502 439 2544 Non
462 2507 698 2545 cesserunt
720 2500 791 2544 his
813 2500 1037 2557 spiritales
1054 2516 1231 2557 operae.
1255 2500 1602 2557 Quinquaginta
1617 2500 1720 2556 plus
1736 2498 1887 2542 minus

246 2559 463 2615 spiritalia
479 2559 723 2619 [exercitia]
741 2567 1016 2616 acceperunt
1029 2575 1108 2617 per
1125 2561 1296 2618 aliquot
1313 2560 1425 2614 dies,
1447 2568 1497 2604 ut
1513 2566 1583 2604 est
1599 2559 1646 2602 in
1663 2573 1804 2611 more,
1817 2557 1887 2602 sui

245 2619 491 2675 colligendi
522 2619 669 2676 gratia
700 2619 1034 2673 delitescenteS,
1060 2620 1341 2675 aliorumque
1370 2618 1639 2663 commercio
1661 2624 1883 2662 carentes.

336 2680 495 2722 Restat
517 2679 860 2736 peregrinorum
883 2679 1019 2733 acies,
1045 2694 1162 2735 quae
1178 2681 1316 2736 longe
1333 2677 1776 2736 ampliorextitisset,
1800 2677 1888 2720 nisi

247 2738 492 2781 multorum
522 2738 836 2782 ardentissima
867 2746 972 2783 uota
1001 2739 1286 2784 obedientiae
1314 2739 1520 2783 habenae
1548 2736 1884 2793 repressissent;

246 2804 354 2840 sunt
376 2798 495 2842 enim
518 2812 675 2841 omnes
696 2798 832 2841 huius
855 2798 1042 2843 uiuendi
1070 2799 1191 2842 modi
1220 2806 1434 2853 tanquam
1464 2796 1631 2854 proprii
1656 2795 1888 2853 perpetui-

244 2870 334 2911 que
356 2857 598 2902 Societatis
620 2857 993 2914 appetentissimi.
1021 2858 1148 2902 Missi
1172 2872 1228 2914 30
1249 2864 1357 2902 sunt
1379 2856 1528 2901 uarias
1549 2855 1755 2923 ἰηξῐεςζιί
1782 2869 1885 2911 par-

247 2922 331 2969 tes,
358 2916 524 2983 quibus
546 2932 638 2960 non
659 2918 905 2960 defuerunt
934 2918 1196 2984 occasiones
1224 2916 1443 2974 plurimae
1471 2914 1884 2981 mortificationum,

246 2975 570 3029 conuitiorum,
608 2976 910 3028 uinculorum,
946 2976 993 3019 in
1027 2992 1144 3033 quae
1176 2976 1402 3020 nonnulli
1412 2990 1572 3032 parum
1603 2973 1748 3019 abfuit
1775 2972 1885 3029 quin

246 3034 597 3089 coniicerent'ur,
626 3043 840 3091 tanquam
863 3051 1047 3080 errones
1069 3044 1115 3080 et
1137 3036 1276 3080 ociosi
1298 3035 1519 3090 homines,
1544 3040 1884 3089 cessatoresque

245 3093 552 3149 perditissimi,
580 3094 871 3151 laborisque
859 3094 1169 3140 mimicissimi.
