2098 3548
279 313 320 339 vl
843 302 1089 339 PRAEFA’no
1114 310 1351 338 GENERAms

277 405 507 450 oblivione
527 405 776 459 vindicare,
802 404 935 462 eique
956 403 1160 449 debitum
1181 404 1331 448 locum
1354 403 1401 447 in
1433 402 1664 447 Ecclesiae
1691 408 1736 446 et
1765 400 1923 447 Socie-

277 483 382 528 tatis
397 486 510 543 Jesu
533 483 660 527 fastis
682 483 932 540 assignare,
958 484 1071 526 haec
1093 489 1217 526 certe
1239 482 1420 525 abunde
1437 481 1682 525 sufficeret.

366 563 521 618 thue
536 561 633 618 jam
654 562 711 604 ab
732 560 861 604 initio
883 559 1045 604 melius
1061 559 1316 617 perspicere
1331 560 1474 603 lector
1490 557 1632 615 possit
1649 556 1807 613 quanti
1823 572 1924 601 mo-

276 638 417 683 menti
439 639 620 683 suturae
641 638 733 682 sint
749 639 978 695 Epistolae
995 638 1159 680 Patris
1178 637 1338 680 Nadab
1355 637 1412 680 ad
1429 635 1662 680 historiam
1676 669 1686 688 ,
1713 642 1808 679 tum
1833 636 1922 678 Ec-

276 715 441 760 clesiae
470 715 735 769 catholicae,
771 723 868 759 tum
899 714 1143 772 praecipue
1174 713 1416 759 Societatis
1441 715 1553 772 Jesu
1585 713 1919 766 elucidandam,

278 809 369 850 qua
391 793 639 851 poterimus
660 792 899 846 brevitate,
924 792 1161 846 nonnulla,
1193 794 1249 835 1.⁰
1282 793 1340 835 de
1361 799 1547 836 auctore
1567 793 1728 835 harum
1751 790 1924 835 littera-

281 886 381 916 rum
406 874 467 915 2.‘'
490 871 548 915 de
569 870 679 929 ipsis
701 870 922 928 epistolis,
948 869 1305 927 praemittemus.

680 1166 894 1206 PATRIS
943 1165 1277 1206 HIERONYMI
1318 1165 1530 1205 NADAL

896 1290 1034 1319 GESTA
1059 1291 1114 1318 ET
1139 1290 1316 1319 SCRIPTA

373 1412 478 1455 Non
502 1410 587 1454 fert
610 1409 787 1454 animus
811 1416 963 1453 texere
983 1408 1057 1452 hic
1074 1408 1307 1452 historiam
1326 1408 1544 1465 praeclari
1561 1409 1638 1465 huj
1647 1424 1698 1453 us
1720 1408 1821 1462 viri,
1847 1422 1929 1452 ne-

285 1502 375 1544 que
410 1487 553 1544 ipsius
589 1493 719 1544 gesta
759 1486 915 1530 fusiori
943 1487 1116 1530 calamo
1143 1485 1372 1543 persequi,
1406 1487 1528 1543 quod
1555 1486 1754 1542 quidem,
1787 1500 1928 1542 quum

284 1566 384 1622 ejus
406 1564 574 1622 scripta
595 1564 717 1608 edita
740 1564 924 1618 fuerint,
950 1563 1231 1607 commodius
1248 1564 1387 1621 longe
1408 1563 1626 1621 praestari
1643 1563 1824 1621 poterit;
1849 1565 1931 1608 sed

285 1658 430 1700 pauca
456 1643 693 1686 dumtaxat
721 1642 992 1699 praelibare,
1025 1656 1142 1697 quae
1163 1642 1220 1685 ad
1247 1641 1390 1698 ipsius
1418 1641 1631 1698 epistolas
1659 1648 1931 1698 caeteraque

285 1722 558 1764 documenta
579 1719 740 1764 melius
762 1719 1056 1777 intelligenda
1076 1719 1162 1763 iter
1184 1721 1558 1777 complanabunt3
1584 1734 1729 1776 eaque
1749 1721 1932 1764 duobus

287 1797 512 1855 capitibus
533 1796 873 1842 distribuemus:
899 1797 946 1841 in
963 1796 1107 1854 primo
1123 1797 1224 1854 ejus
1235 1801 1382 1855 gesta,
1405 1797 1452 1841 in
1474 1799 1616 1842 altero
1637 1797 1738 1855 ejus
1760 1798 1928 1855 scripta

286 1875 641 1920 recensebimus.

379 2114 412 2155 Ι.
454 2113 578 2166 EJUS
611 2111 1163 2168 GESTA.—Hieronymus
1193 2112 1341 2155 Nadal
1373 2111 1539 2169 (latinis
1571 2113 1775 2166 Natalis,
1812 2111 1932 2157 italis

289 2204 398 2234 vero
422 2189 609 2245 Natale)
629 2195 756 2232 ortus
780 2188 866 2232 fuit
892 2190 1091 2242 Palmae,
1117 2204 1233 2246 quae
1257 2190 1365 2233 urbs
1388 2195 1457 2233 est
1479 2196 1618 2247 caput
1638 2189 1814 2235 insulae
1834 2205 1932 2234 ma-

284 2266 542 2324 joricensis,
574 2265 619 2309 in
650 2265 911 2320 Balearicis,
943 2266 1017 2310 die
1054 2279 1099 2310 11
1134 2266 1338 2324 Augusti
1371 2269 1400 2321 ¹,
1433 2282 1552 2311 anno
1579 2267 1764 2312 Domini
1802 2279 1928 2324 1507.

292 2344 519 2389 Humanis
537 2343 793 2399 divinisque
808 2343 987 2398 litteris,
1006 2344 1201 2401 primum
1219 2344 1265 2388 in
1283 2345 1444 2402 patria,
1463 2345 1628 2389 deinde
1645 2345 1875 2402 Compluti
1896 2346 1931 2399 ²,

293 2423 476 2466 tandem
514 2420 702 2465 Parisiis
738 2421 969 2474 excultus,
1000 2422 1108 2464 dum
1147 2436 1302 2466 sacrae
1339 2422 1596 2480 theologiae
1627 2424 1713 2467 hac
1744 2422 1791 2466 in
1820 2424 1934 2467 urbe

290 2505 569 2556 operaretur,
590 2513 710 2542 anno
733 2509 859 2554 1535,
880 2498 1040 2542 aetatis
1058 2515 1228 2544 annum
1244 2515 1388 2558 agens
1403 2500 1677 2558 vigesimum
1699 2507 1928 2554 octavum,

289 2577 435 2635 prima
456 2575 696 2633 religiosae
716 2575 968 2620 vocationis
995 2577 1189 2631 semina,
1221 2592 1276 2621 ex
1305 2578 1470 2635 Ignatii
1495 2579 1686 2635 ejusque
1706 2577 1930 2623 sociorum

290 2653 636 2699 conversatione
658 2653 873 2710 suscepit.

378 2733 429 2775 In
450 2730 641 2788 patriam
663 2745 888 2783 reversus,
915 2746 1034 2775 anno
1063 2735 1196 2788 1538,
1222 2734 1512 2778 scientiarum
1545 2735 1680 2779 simul
1710 2742 1757 2779 et
1786 2734 1933 2780 virtu-

291 2818 386 2854 tum
404 2808 555 2853 studio
571 2822 757 2866 prorsus
775 2808 972 2864 deditus,
993 2816 1167 2867 septem
1184 2811 1246 2853 ibi
1264 2827 1407 2856 annos
1425 2812 1594 2870 exegit,
1615 2826 1726 2869 pace
1742 2819 1788 2856 et
1803 2812 1934 2858 laeti-

363 2957 373 2977 ¹
425 2955 484 2989 Ita
501 2951 640 2989 scribit
657 2951 742 2999 ipse
760 2952 804 2987 P.
824 2952 965 2998 Nadal,
993 2954 1218 3001 opuscula,
1247 2968 1336 3003 pag.
1364 2965 1448 3003 254,
1474 2957 1534 2993 his
1560 2957 1712 2994 verbis:
1740 2956 1934 3002 «Sensus,

286 3011 493 3047 undecimo
512 3011 697 3058 Augusti,
716 3011 783 3059 qui
800 3011 886 3048 dies
905 3018 965 3048 est
985 3013 1078 3049 mihi
1094 3015 1368 3060 genethliacus
1383 3046 1392 3063 ,
1413 3017 1490 3053 mei
1508 3017 1620 3054 nihili
1638 3023 1679 3054 et
1697 3017 1773 3054 Dei
1799 3028 1934 3065 opera-

294 3070 451 3107 tionis.»

358 3134 371 3153 *²
423 3130 524 3167 Vide
546 3130 692 3167 Clzron.
711 3131 865 3174 Natal„
887 3145 924 3168 n.
951 3141 980 3167 ῐ.
