2040 3476
268 247 339 295 634
783 250 922 287 Erus-r.
949 250 995 286 P.
1023 249 1309 298 NADAL-183,
1332 249 1399 297 184

613 570 820 614 PATER
873 571 1288 615 HIERONYMUS
1339 571 1559 615 NADAL

759 677 919 713 PATRI
938 675 1289 715 GUNDISALVO
1308 677 1416 713 VAZ

660 762 662 765 V
705 775 953 832 Compluti,
985 786 1034 831 15
1059 774 1295 819 Februarii
1322 776 1433 830 1562
1461 776 1488 819 ¹.

598 883 660 919 De
678 884 827 919 litteris
843 885 898 919 ad
915 884 1084 920 Patrem
1100 883 1335 932 generalem
1355 883 1576 920 mittendis.

357 980 440 1022 Em
465 986 600 1023 outra
620 981 678 1023 de
705 991 754 1036 15
778 981 836 1024 de
857 980 1116 1025 Feuereiro.

362 1070 398 1100 1.
434 1058 521 1114 (33)
555 1057 704 1114 Daqui
726 1057 908 1103 adianto
924 1072 975 1101 se
996 1072 1235 1101 escreuera
1257 1072 1284 1101 a
1305 1060 1450 1102 Roma
1471 1073 1497 1101 a
1518 1072 1631 1101 noso
1654 1058 1802 1101 Padre
1823 1070 1908 1114 ge-

264 1135 329 1178 ral
352 1135 585 1178 conforme
606 1150 633 1179 a
654 1136 809 1179 ordem
832 1150 920 1192 que
944 1142 1088 1181 ternos
1110 1136 1167 1179 de
1189 1149 1418 1195 escreuer,
1449 1150 1475 1180 6
1496 1150 1547 1181 os
1574 1135 1859 1180 consultores
1881 1149 1908 1179 a

269 1212 355 1258 elle
377 1213 476 1257 soli.

1037 1451 1150 1493 1811

586 1557 654 1600 Ρ.
703 1557 1251 1601 HIERONYMUS
1303 1556 1583 1600 NADAL

772 1663 933 1698 PATRI
965 1661 1174 1709 JACOBO
1208 1663 1404 1699 LAINEZ

694 1759 947 1816 Compluti,
974 1772 1029 1804 22
1053 1759 1288 1805 Februarii
1317 1760 1426 1815 1562
1450 1760 1482 1803 ³.

263 1877 296 1903 Ι.
322 1868 495 1903 Litteras
511 1867 587 1903 sibi
605 1880 630 1903 a
652 1866 799 1903 Lainez
817 1868 960 1904 missas
978 1868 1220 1915 interceptas
1228 1866 1378 1915 fuisse:
1394 1867 1562 1902 Patrem
1581 1865 1770 1902 Guodino
1787 1865 1909 1900 Pari-

332 1928 412 1963 sios
429 1928 698 1963 missam.——2.
722 1928 985 1963 Provinciam
1014 1926 1212 1963 Castellae
1235 1939 1274 1962 se
1292 1927 1579 1975 perlustrasse:
1605 1923 1863 1973 Complutum
1883 1936 1908 1959 a

335 1987 557 2035 Ruigomez
569 1999 613 2022 *se
631 1991 863 2023 revocatum
873 1987 1023 2035 fuisse:
1042 1988 1097 2023 ad
1118 1987 1282 2023 Galliae
1299 1988 1378 2023 iter
1402 1986 1690 2034 arripiendum
1715 1996 1754 2021 se
1779 1984 1909 2020 accin-

332 2056 532 2094 gere.—3.
569 2046 730 2082 Gaudet
758 2048 806 2083 de
833 2047 943 2083 bonis
965 2048 1124 2083 nuntiis
1152 2059 1178 2082 a
1208 2047 1387 2083 Polanco
1410 2046 1487 2082 sibi
1509 2044 1774 2081 transmissis:
1798 2055 1863 2080 res
1883 2055 1909 2079 a

335 2107 384 2141 P.
403 2107 554 2142 ‘Lainez
571 2107 616 2142 in
637 2106 781 2143 Gallia
793 2110 931 2155 gestae
945 2107 1143 2154 optimam
1161 2106 1228 2143 illi
1243 2107 1474 2155 opinionem
1492 2105 1604 2154 apud
1617 2105 1779 2153 regium
1797 2115 1910 2140 sena-

335 2169 422 2202 tum
441 2167 670 2215 Hispaniae
688 2167 920 2203 conciliant.

1019 2250 1152 2346 jhiis.

355 2386 468 2440 Muy
491 2383 606 2427 Rdo.
633 2398 691 2428 en
713 2382 897 2427 Christo
922 2383 1069 2427 Padre
1090 2388 1297 2427 nuestro.

357 2463 454 2505 Pax
475 2459 663 2513 Christi,
689 2466 777 2506 etc.

360 2552 396 2582 Ι.
460 2540 558 2583 Dos
590 2546 738 2582 cartas
770 2539 843 2583 del
877 2541 929 2582 P.
968 2538 1168 2602 Polanco
1200 2551 1282 2594 por
1313 2536 1557 2580 comission
1585 2537 1643 2581 de
1671 2538 1729 2580 V.
1764 2538 1817 2580 P.
1848 2537 1907 2580 he

265 2616 477 2663 recebido
499 2617 558 2661 de
585 2616 637 2660 16
658 2631 688 2673 y
715 2626 766 2670 17
788 2617 845 2660 de
877 2617 1029 2660 Enero
1052 2616 1067 2637 ⁵
1091 2616 1149 2660 de
1172 2616 1221 2660 S.
1246 2616 1478 2660 Germano
1501 2614 1534 2668 ⁴,
1565 2629 1595 2671 y
1617 2628 1702 2657 son
1725 2613 1793 2657 las
1813 2611 1907 2670 pri-

337 2740 345 2760 ¹
396 2738 456 2772 Ex
475 2741 736 2783 transumpto,
755 2735 795 2771 in
817 2735 912 2772 Cod.
933 2746 967 2780 5,
990 2735 1056 2771 fol.
1077 2744 1160 2781 219.
1181 2733 1499 2782 Descriptionem
1517 2733 1607 2769 vide
1632 2744 1763 2781 supra,
1788 2727 1905 2780 epist.

268 2797 349 2842 180,
369 2802 503 2833 annot.
527 2805 557 2832 1.

334 2860 349 2879 Ξ
399 2858 459 2892 Ex
475 2855 670 2903 originali,
689 2855 730 2891 in
748 2857 879 2904 Epist.
901 2855 1056 2897 Natal„
1077 2855 1130 2902 ΙΙ,
1149 2853 1297 2902 duplici
1321 2854 1407 2901 fol„
1431 2862 1477 2899 92
1500 2852 1615 2897 (166).
1642 2852 1686 2888 In
1704 2863 1771 2888 ora
1794 2863 1908 2900 supe-

262 2917 355 2953 riori
372 2917 470 2953 haec
488 2915 693 2964 inscriptio
710 2915 838 2963 posita
856 2920 930 2951 est:
950 2915 1230 2963 Dupplicada.

337 2978 351 2999 ³
402 2978 484 3013 Has
503 2976 690 3024 epistolas
708 2988 787 3012 non
805 2975 991 3011 vidimus.

335 3038 349 3059 ⁴
401 3035 757 3078 Saint-Germain,
777 3037 870 3071 urbs
888 3047 966 3070 non
989 3036 1107 3081 longe
1125 3046 1146 3070 a
1171 3033 1331 3070 Parisiis
1356 3033 1457 3081 sita,
1471 3031 1538 3069 ubi
1561 3036 1780 3070 conventus
1804 3031 1906 3081 pois-

265 3096 394 3135 siaeus
412 3096 570 3134 habitus
588 3095 677 3134 fuit.
