2040 3490
845 285 868 323 7
894 278 1007 325 Juxn
1039 277 1131 323 1561.
1742 279 1821 330 485⁷

933 520 1048 562 188

553 626 775 672 PATRIS
808 627 1165 674 HIERONYMI
1195 630 1417 675 NADAL
1485 686 1487 688 η

744 733 1004 771 commissarii
1019 735 1218 782 generalis

613 814 904 863 testimonium,
934 829 1025 853 cum
1058 818 1349 866 subscriptione

674 909 715 947 S.
731 911 1016 949 FRANCISCI
1030 913 1101 949 DE
1114 912 1286 960 BORJA

537 1005 941 1061 Conimbricae,
978 1018 1005 1062 7
1037 1008 1186 1066 Junii
1224 1021 1241 1052 1
1256 1009 1318 1064 56
1332 1022 1349 1054 1
1390 1010 1419 1053 ¹.

438 1106 528 1143 Non
546 1107 622 1143 sibi
632 1108 807 1155 probari
824 1109 966 1145 Patris
983 1108 1194 1145 Francisci
1204 1110 1514 1157 profectionem.

242 1304 366 1361 Digo
387 1304 447 1359 io,
481 1304 748 1349 Hieronimo
770 1305 934 1358 Nadal‚
959 1305 1268 1350 commissario
1297 1308 1484 1364 general
1510 1308 1568 1353 de
1588 1308 1632 1352 la
1660 1309 1802 1353 Com-

227 1473 238 1493 ¹
289 1471 348 1506 Ex
366 1472 624 1519 autographo,
643 1471 684 1508 in
702 1472 833 1520 Epist.
854 1471 1011 1515 Natal„
1030 1473 1083 1519 II,
1098 1472 1214 1509 unico
1231 1473 1317 1519 fol„
1331 1473 1378 1519 78
1395 1474 1486 1520 (60).
1504 1474 1664 1522 Duplici
1681 1485 1802 1523 quon-

144 1530 242 1566 dam
257 1529 352 1567 folio
369 1530 597 1567 constitisse
613 1532 687 1568 hoc
703 1532 983 1568 documentum
1000 1538 1163 1580 apparet
1179 1545 1230 1569 ex
1253 1538 1364 1581 parte
1387 1534 1552 1570 secundi
1571 1533 1656 1570 folii
1678 1546 1802 1570 rema-

150 1596 286 1627 nente.
305 1590 696 1638 Subscriptiosancti
713 1592 911 1628 Francisci
928 1591 977 1628 de
995 1592 1112 1639 Borja
1129 1594 1372 1640 autographa
1388 1605 1544 1642 quoque
1562 1599 1639 1632 est.

221 1651 311 1697 Qua
329 1661 422 1686 vero
440 1651 646 1687 occasione
660 1651 850 1699 scriptum
867 1651 988 1688 fuerit
1006 1653 1079 1688 hoc
1103 1653 1388 1699 testimonium,
1406 1653 1493 1701 ipse
1510 1654 1556 1689 P.
1582 1653 1706 1688 Nadal
1732 1665 1798 1688 ex-

87 1748 95 1761 ·
146 1710 271 1758 plicat
287 1710 328 1746 in
346 1710 427 1746 suis
445 1711 793 1759 Ephemeridibus‚
813 1711 854 1747 ff.
873 1720 919 1758 45
939 1717 980 1748 et
996 1712 1043 1758 46
1060 1712 1170 1748 hisce
1188 1712 1340 1748 verbis:

222 1770 361 1805 «Eram
379 1781 454 1817 ego
472 1775 685 1818 occupatus
703 1770 744 1807 in
762 1770 1004 1816 visitatione,
1023 1784 1143 1819 quum
1158 1784 1252 1808 eece
1266 1772 1340 1809 tibi
1354 1772 1465 1809 venit
1481 1772 1530 1809 ad
1543 1784 1608 1808 me
1621 1773 1665 1807 P.
1682 1773 1801 1808 Fran-

142 1829 294 1865 ·eiscus.
309 1829 484 1874 Venerat
502 1841 552 1866 ex
570 1829 743 1866 Castella
760 1831 805 1866 P.
825 1831 1052 1878 Sayauedra
1070 1831 1158 1879 [sic,
1183 1844 1253 1879 pro
1273 1832 1518 1879 SaavedraJ,
1540 1831 1589 1867 ad
1606 1831 1718 1867 cuius
1736 1831 1802 1867 ad-

148 1895 329 1936 uentum,
349 1894 498 1925 mutato
515 1889 693 1936 consilio,
713 1891 851 1927 statuit
868 1891 1034 1927 Romam
1051 1891 1258 1939 proficisci,
1277 1897 1332 1945 et,
1348 1897 1393 1928 vt
1406 1892 1623 1939 periculum
1638 1891 1796 1937 vitaret,

144 1948 337 1995 nauigare
355 1949 404 1984 ad
421 1949 642 1996 proximum
659 1956 815 1997 portum
833 1950 1017 1986 Baionae.
1038 1950 1135 1986 Inde
1148 1963 1218 1998 per
1231 1950 1415 1997 Galliam,
1431 1956 1514 1987 tum
1527 1951 1692 1987 Romam
1706 1962 1799 1986 con-

146 2008 330 2044 tendere.

221 2069 305 2114 Ego
321 2080 441 2115 quum
459 2080 589 2104 essem
611 2068 738 2105 iturus
762 2068 804 2105 in
826 2069 1056 2116 castellam,
1082 2070 1349 2106 necessarium
1373 2069 1468 2106 duxi
1486 2070 1541 2106 ita
1564 2082 1626 2106 me
1651 2070 1700 2106 de
1724 2071 1797 2106 hac

143 2126 272 2163 ‘itione
289 2139 422 2174 agere,
442 2133 485 2163 vt
502 2139 658 2176 semper
674 2128 770 2164 mihi
788 2135 896 2165 esset
912 2129 1111 2176 integrum
1128 2129 1304 2177 profiteri
1326 2141 1372 2165 ac
1395 2128 1524 2165 iurare
1549 2141 1612 2165 me
1636 2134 1796 2164 auctore

143 2186 258 2223 ‘illum
275 2199 355 2223 non
371 2199 461 2223 esse
478 2187 713 2235 profectum,
732 2190 795 2225 vel
813 2189 1102 2234 consentiente3
1128 2201 1207 2225 non
1229 2188 1407 2237 potuisse
1431 2194 1565 2225 tamen
1588 2188 1795 2236 impedire,

140 2246 251 2294 quod
268 2258 315 2282 ea
331 2246 373 2283 in
389 2259 432 2282 re
450 2247 535 2294 ipse
553 2248 773 2295 accepisset
790 2260 812 2284 a
829 2249 874 2284 P.
893 2248 1071 2295 generali
1089 2249 1328 2285 libertatem.

218 2306 438 2354 Acceperat
455 2307 588 2343 literas
606 2319 629 2343 a
646 2308 690 2344 P.
716 2308 866 2355 Layne,
891 2308 959 2356 qui
982 2308 1181 2345 intellexit
1198 2308 1354 2356 probari
1381 2309 1448 2344 illo
1474 2308 1570 2355 [sic]
1589 2307 1796 2355 profectio-

140 2375 250 2410 >nem3
270 2371 477 2413 acceperat
492 2368 615 2402 breue
632 2367 904 2414 apostolicum,
919 2379 997 2415 quo
1015 2368 1269 2412 euocabatur,
1288 2367 1329 2403 in
1347 2378 1424 2414 quo
1442 2366 1540 2402 illud
1558 2378 1633 2413 ego
1651 2366 1796 2401 noluis-

141 2436 230 2461 sem
260 2437 506 2472 expressum,
529 2426 757 2473 petentibus
787 2426 976 2463 cardinali
1004 2425 1231 2462 ferrariensi
1260 2432 1301 2462 et
1331 2427 1376 2462 P.
1408 2426 1559 2473 Layne,
1585 2437 1675 2461 esse
1705 2436 1795 2461 con-

140 2495 318 2520 cessum.

217 2542 316 2579 Dico
334 2543 454 2590 igitur
472 2544 529 2580 illi
547 2549 591 2580 vt
607 2544 693 2592 ipse
710 2557 780 2593 per
798 2557 840 2581 se
859 2551 1020 2590 statuat3
1040 2557 1102 2581 me
1120 2557 1199 2581 non
1216 2556 1333 2592 posse
1357 2543 1562 2591 impedire.

216 2602 432 2639 Confirmat
460 2615 559 2651 quae
590 2610 796 2650 statuerat,
826 2605 1027 2652 nauigare.
1058 2606 1105 2641 In
1133 2616 1221 2641 eam
1249 2617 1333 2641 rem
1363 2604 1507 2651 accipit
1536 2603 1715 2650 Ljonello
1741 2602 1791 2639 de

146 2662 258 2698 Lima
275 2667 316 2698 et
332 2673 403 2708 400
422 2668 464 2705 Δ
485 2675 535 2699 ex
552 2663 630 2700 illis
647 2665 692 2700 P.
712 2665 870 2711 Ignatii.
1230 2670 1234 2673 '

216 2721 402 2768 Nauigat,
421 2722 492 2758 sed
508 2725 563 2759 2.⁰
580 2724 645 2760 die
662 2725 829 2761 afflictus
846 2725 966 2761 nimia
983 2724 1153 2760 iactione
1171 2728 1213 2759 et
1229 2724 1326 2769 salo,
1346 2728 1387 2759 et
1403 2722 1489 2770 ipse
1514 2726 1555 2757 et
1572 2720 1668 2768 soeij
1688 2720 1792 2757 redit

138 2780 194 2816 ad
217 2781 257 2818 S.
282 2782 426 2818 Felicis
452 2783 557 2830 [ms.,
582 2784 757 2831 Filicisj.
781 2784 878 2820 Inde
902 2783 1099 2830 significat
1123 2795 1194 2830 per
1216 2783 1367 2829 literas,
1390 2793 1448 2827 se,
1473 2780 1788 2828 quandoquidem

137 2851 221 2876 rnon
239 2842 432 2877 successit
448 2842 663 2890 nauigatio,
682 2843 757 2879 iter
774 2844 1058 2890 ingressurum,
1077 2847 1121 2878 vt
1138 2854 1207 2889 per
1224 2842 1440 2890 Castellam
1459 2845 1537 2876 eat.

217 2899 485 2937 Vehementer
500 2907 540 2937 et
558 2902 653 2938 mihi
670 2908 711 2938 et
732 2903 820 2950 alijs
844 2903 1028 2939 Patribus
1048 2901 1251 2950 displicuit
1272 2902 1348 2937 hoc
1371 2899 1595 2946 consilium,
1621 2898 1726 2947 quod
1749 2899 1790 2934 in

137 2964 295 2994 certum
312 2959 529 3006 periculum
553 2973 596 2997 se
619 2962 821 2998 videretur
844 2962 1052 3009 conijcere.
1078 2961 1154 3006 Ita,
1178 2960 1322 2996 auditis
1346 2960 1544 3003 Patribus,
1569 2970 1591 2994 e
1617 2957 1789 3004 uestigio

141 3018 272 3054 missis
290 3019 429 3065 literis,
448 3021 767 3057 constantissime
784 3021 995 3058 dissuadeo
1012 3020 1306 3069 profectionem,
1325 3024 1443 3067 atque
1462 3019 1579 3054 etiam
1598 3017 1702 3053 illam
1719 3018 1789 3053 im-

135 3079 276 3124 probO.
297 3079 379 3114 Has
397 3079 531 3116 literas
549 3080 661 3117 mitto
679 3081 728 3116 ad
746 3081 872 3127 illum,
897 3093 1012 3124 seruo
1036 3080 1140 3128 apud
1159 3092 1222 3116 me
1246 3080 1471 3126 exemplum
1496 3077 1749 3124 obsignatum
1766 3089 1790 3112 a
