2020 3464
876 302 1098 338 Appmm
1736 300 1808 348 793

252 400 295 444 6.
360 400 483 444 Num
506 412 624 455 quos
645 398 813 443 habeat
834 398 997 443 fratres
1018 404 1099 442 aut
1119 411 1313 442 sororeS.
1338 398 1414 442 An
1444 412 1683 455 paupereS,
1719 404 1807 443 etc.

255 471 295 515 7..
358 460 510 516 Quam
531 457 653 503 vitae
674 457 981 502 conditionem
1003 457 1282 513 sequebatur
1301 464 1545 525 antequam
1578 457 1625 500 in
1647 456 1809 502 Socie—

167 526 304 564 tatem
328 518 623 575 reciperetur,
646 524 728 561 aut
749 516 949 574 quibus
938 532 984 560 ιιι
1006 517 1144 560 rebus
1165 523 1374 560 versatus
1395 517 1470 560 sit.

259 580 301 622 8.
366 577 415 624 Si
437 576 547 634 quid
567 577 728 621 habuit
747 578 822 622 vel
841 576 1027 621 omnino
1054 577 1244 621 haberet
1275 575 1588 619 difficultatis
1576 590 1624 619 ιιι
1651 574 1811 632 quavis

166 654 233 692 re,
257 653 368 682 num
389 644 531 681 staret
545 635 720 693 judicio
742 635 1000 690 Societatis,
1024 649 1118 679 non
1139 635 1436 692 praeferendo
1456 635 1520 678 iffi
1543 649 1694 679 suum.

255 713 300 756 9.
364 698 488 742 Num
524 710 636 740 sano
673 695 759 739 fuit
790 709 978 753 corpore
1009 701 1254 751 antequam
1286 694 1563 740 Societatem
1594 694 1807 752 ingrede-

169 763 309 801 retur.

232 829 298 860 10.
363 816 441 860 An
462 821 569 858 vota
589 806 740 870 aliqua
760 813 972 858 habuerit
993 820 1238 870 antequam
1259 813 1306 855 in
1328 813 1558 859 Societate
1579 820 1715 859 esset.

231 887 298 920 11.
364 876 442 919 An
462 873 550 917 illis
572 873 709 918 fuerit
730 874 925 926 solutus,
950 880 997 916 et
1018 887 1108 929 qua
1129 871 1320 918 ratione.

231 946 297 979 12.
363 932 595 990 Quamdiu
618 939 688 977 est
710 933 832 989 quod
855 932 943 975 fuit
963 931 1011 975 in
1028 931 1259 977 Societate
1274 939 1502 988 receptus.
1529 933 1580 975 In
1596 946 1687 988 qua
1702 947 1808 989 pro-

164 993 330 1047 vincia,
355 993 403 1036 in
423 1007 515 1050 quo
537 992 754 1050 collegio;
780 999 826 1038 et
847 1007 906 1036 an
928 991 1066 1035 fuerit
1088 998 1199 1035 tunc
1221 991 1521 1036 examinatus.

231 1066 299 1109 13.
364 1054 442 1097 An
478 1059 742 1096 consuetam
778 1050 1135 1119 promissionem
1161 1050 1320 1095 fecerit
1356 1050 1659 1095 distribuendi
1690 1051 1811 1094 bona

167 1111 457 1171 pauperibus,
483 1112 666 1168 quando
686 1111 893 1169 superior
903 1111 1103 1168 juberet,
1117 1110 1251 1166 juxta
1267 1110 1510 1156 Societatis
1530 1108 1805 1154 institutum.

232 1185 299 1227 14.
365 1173 442 1216 An
463 1172 676 1216 sacerdos
703 1171 778 1224 sit,
802 1172 876 1215 vel
903 1171 962 1214 ad
989 1169 1186 1227 aliquem
1215 1170 1421 1215 ordinem
1453 1168 1809 1214 ecclesiasticum

167 1238 421 1289 promotus.

234 1301 301 1347 15.
366 1292 418 1334 In
439 1304 531 1346 quo
553 1289 747 1347 collegio
771 1289 923 1334 fuerit.

231 1351 299 1395 16.
365 1351 496 1407 Quas
517 1349 812 1406 probationes
835 1348 1014 1403 fecerit,
1039 1356 1086 1392 et
1107 1348 1341 1416 quamdiu.
1374 1349 1494 1393 Sunt
1522 1355 1675 1392 autem
1703 1354 1810 1414 pro-

165 1410 373 1455 bationes
395 1408 638 1454 Societatis
659 1424 756 1463 sex,
781 1410 838 1452 de
860 1408 1027 1465 quibus
1048 1408 1123 1452 hic
1139 1407 1470 1465 interrogatur.
1502 1421 1539 1452 1.
1544 1406 1810 1451 'Exercitia

164 1468 430 1527 spiritualia.
457 1481 500 1512 2.
505 1468 766 1514 Inservire
793 1467 1069 1525 pauperibus
1096 1468 1143 1511 in
1170 1467 1480 1512 xenodochiis.
1509 1481 1551 1523 3.
1556 1466 1808 1544 l³eregri-

163 1528 261 1572 nari
282 1528 330 1572 in
350 1535 632 1586 paupertate.
658 1541 702 1582 4.
706 1527 964 1573 ‘Versari
952 1542 999 1571 m
1021 1527 1218 1572 servitiis
1239 1526 1517 1572 domesticis.
1546 1538 1588 1582 5.
1593 1529 1809 1571 *Docere

163 1588 415 1632 doctrinam
443 1587 735 1632 christianam
757 1601 923 1644 pueros
944 1594 991 1632 et
1012 1602 1229 1644 personas
1252 1588 1404 1630 rudes.
1432 1587 1491 1630 6.·
1513 1585 1805 1638 Concionari,

163 1647 322 1692 audire
341 1647 662 1693 confessiones.
682 1647 732 1692 Si
749 1646 860 1703 quid
875 1654 1109 1703 praeterea
1125 1645 1405 1704 probationis
1421 1661 1561 1690 causa
1583 1644 1746 1703 egerit.

231 1719 298 1762 17.
363 1708 414 1751 In
436 1706 602 1763 quibus
623 1714 858 1763 praeterea
877 1707 1015 1751 rebus
1037 1705 1097 1750 sit
1118 1713 1340 1751 versatus.

229 1768 295 1811 18.
361 1767 438 1811 An
458 1773 567 1810 vota
587 1767 754 1810 habeat
774 1765 1031 1811 Societatis.

230 1839 292 1884 19.
356 1827 479 1870 Num
507 1826 617 1881 quid
652 1825 864 1869 habuerit
890 1826 1115 1869 bonorum
1142 1825 1326 1882 quando
1352 1825 1400 1869 in
1438 1825 1712 1871 Societatem
1740 1831 1810 1868 est

165 1892 391 1942 receptus,
416 1893 463 1929 et
484 1884 594 1942 quid
615 1886 673 1929 de
693 1885 781 1928 illis
803 1884 964 1942 egerit.

226 1957 298 1989 20.
363 1946 470 2002 Qua
490 1944 754 1990 valetudine
776 1959 888 1988 usus
909 1951 979 1988 est
999 1945 1240 1988 hactenus.

164 2018 167 2021 ·
225 2017 296 2049 21.
363 2006 440 2048 An
481 2003 618 2048 fuerit
653 2011 782 2048 sexto
819 2018 1004 2060 quoque
1039 2018 1196 2048 mense
1231 2004 1534 2057 examinatus,
1574 2003 1812 2047 confessus

164 2063 454 2121 generaliter,
480 2070 527 2109 et
553 2063 774 2109 rationem
796 2063 972 2108 dederit
999 2063 1306 2108 conscientiae
1337 2078 1447 2108 suae
1463 2064 1597 2120 juxta
1627 2061 1810 2105 institu-

166 2130 263 2167 tum
285 2122 544 2169 Societatis.

225 2195 297 2226 22.
362 2184 438 2227 An
459 2182 519 2226 sit
540 2181 691 2226 animo
712 2189 899 2250 paratus
927 2190 973 2227 et
994 2188 1225 2235 constans,
1260 2191 1312 2225 ut
1335 2189 1475 2226 totam
1504 2182 1551 2224 in
1582 2180 1810 2226 Societate

166 2241 308 2286 vitam
330 2249 439 2299 agat
460 2256 565 2286 cum
586 2241 674 2286 Dei
695 2242 854 2299 gratia.

226 2313 298 2357 23.
363 2301 597 2357 Numquid
613 2301 876 2346 indifferens
893 2301 967 2354 sit,
981 2301 1198 2359 quicquid
1207 2302 1264 2346 de
1279 2316 1335 2346 eo
1351 2300 1563 2345 statuerit
1580 2298 1805 2351 Societas,

159 2375 448 2418 quocumque
468 2375 573 2405 eum
596 2360 643 2403 in
665 2368 788 2405 statu
809 2362 1017 2414 collocet,
1042 2375 1334 2418 quocumque
1360 2361 1407 2404 in
1439 2358 1690 2403 ministerio
1712 2358 1807 2401 vel-

166 2420 231 2464 let
251 2434 480 2466 exercere.

228 2491 299 2534 24.
350 2480 483 2546 “Cum
520 2478 782 2524 indifferens
818 2479 893 2533 sit,
925 2481 982 2524 ad
1008 2481 1133 2536 quod
1161 2488 1312 2524 tamen
1343 2478 1642 2522 ministerium
1670 2476 1809 2522 sentit

167 2553 218 2583 se
239 2553 386 2596 magis
407 2553 698 2596 propensum.

557 2628 952 2685 Interrogationes
967 2633 1056 2684 pro
1076 2629 1391 2672 scholasticis'

263 2728 300 2759 1.
365 2717 494 2784 Quot
514 2730 659 2760 annos
681 2723 727 2760 et
755 2715 922 2772 quibus
943 2716 1107 2761 studiis
1133 2732 1317 2775 operam
1339 2717 1481 2770 dedit,
1514 2726 1604 2760 tam
1634 2731 1690 2761 ex
1718 2729 1809 2772 quo

165 2774 439 2820 Societatem
464 2775 700 2833 ingressus
722 2782 808 2830 est,
834 2790 971 2832 quam
994 2783 1115 2821 ante.

256 2846 298 2878 2.
365 2836 517 2891 Quam
540 2849 703 2878 sanum
725 2849 776 2879 se
797 2835 937 2879 sentit
958 2835 1004 2878 in
1027 2835 1260 2880 literarum
1277 2836 1447 2880 studio.

256 2907 297 2949 3.
363 2895 515 2950 Quam
536 2908 812 2950 propensum
834 2909 883 2938 se
904 2894 1070 2938 sentiat
1092 2896 1150 2938 ad
1171 2895 1338 2949 studia,
1363 2903 1409 2939 et
1430 2895 1487 2938 ad
1509 2908 1626 2950 quae
1643 2885 1804 2950 magis.

257 2966 301 3007 4.
366 2955 519 3021 Quam
541 2959 675 3010 aptus
696 2952 783 2996 sibi
803 2953 1013 2998 videatur
1030 2955 1088 2998 ad
1103 2954 1194 3008 illa,
1218 2931 1338 2999 etad
1355 2969 1471 3010 quae
1487 2952 1650 3010 magis.
1671 2966 1807 3008 quam

170 3012 290 3058 felici
311 3013 528 3057 memoria
549 3019 596 3056 et
617 3012 804 3070 ingenio
825 3013 1073 3070 praeditus.

246 3143 257 3164 ¹
307 3142 367 3177 Ex
387 3141 483 3177 Coa.
502 3143 562 3184 ιο,
582 3143 613 3187 1,
632 3141 700 3178 fol.
721 3152 758 3189 2,
777 3142 817 3178 in
835 3154 969 3190 apogr.
989 3142 1090 3179 Vide
1108 3155 1239 3192 supra,
1254 3144 1420 3192 append.
1441 3144 1528 3189 XX,
1547 3148 1679 3179 annot.
1704 3151 1735 3179 1.
1773 3172 1775 3174 .
