2066 3490
864 298 1067 345 1538-1545
1746 310 1795 337 11·

142 400 407 444 cederemus
445 401 503 443 ad
530 399 687 444 studia
709 407 863 444 nostra
893 408 939 445 et
967 400 1211 445 conciones
1242 402 1482 458 parandas,
1515 409 1565 444 vt
1598 401 1705 446 inde
1733 404 1790 446 ad

141 477 423 521 afferendum
447 478 644 521 fructum
667 477 905 522 animabus
926 478 1229 535 prodiremus,
1255 486 1301 523 et
1322 478 1478 523 nescio
1506 478 1616 534 quid
1643 479 1790 524 simile

140 554 382 600 Societatis
402 554 612 598 instituto
634 555 785 599 animo
806 556 1154 612 complectebar.

230 645 301 687 30.
368 631 533 675 Hieme
554 632 715 689 reliqui
737 632 863 676 illum
885 634 1054 687 locum,
1079 634 1200 689 quod
1228 632 1461 677 videretur
1481 648 1583 677 esse
1612 640 1788 692 tempe-

138 717 341 764 stuosus,
377 716 424 753 et
444 710 647 753 habitaui
674 710 722 753 in
749 712 886 754 domo
913 711 1133 768 contigua
1165 713 1175 732 ¹
1207 710 1603 755 carthusianorum
1635 713 1786 766 horto,

138 787 261 830 vnde
281 801 361 843 per
382 786 608 843 posticum
626 788 936 831 commeabam
954 788 1012 831 ad
1028 788 1345 832 carthusianos
1367 788 1400 841 ²,
1421 795 1468 831 et
1484 787 1547 831 ibi
1566 787 1787 832 faciebam

139 863 320 908 missae.
353 863 443 908 Hic
470 865 599 908 locus
635 879 727 908 non
764 867 920 909 aberat
947 865 1132 922 longius
1160 865 1218 909 ab
1247 865 1436 909 eremita
1472 880 1608 922 quam
1645 865 1783 922 prior:

69 1001 72 1003 ‚
138 943 231 984 huc
253 942 311 984 ad
332 957 406 985 me
426 941 641 986 veniebat
662 943 877 998 frequens
905 942 1108 996 eremita,
1141 943 1524 999 quemadmodum
1553 943 1611 986 ad
1633 942 1787 986 Trini-

139 1018 246 1062 tatis
261 1020 452 1063 solebat.

227 1108 299 1152 31.
365 1097 431 1139 Ita
452 1096 604 1140 animo
623 1098 918 1140 fluctuabam:
944 1097 1217 1152 quaerebam
1240 1096 1459 1153 requiem,
1479 1097 1562 1140 sed
1578 1096 1787 1154 fugiebat

136 1172 213 1216 illa
238 1188 334 1227 me,
359 1173 466 1230 quia
493 1176 744 1232 effugeram
772 1176 923 1218 Deum
951 1189 1025 1218 me
1050 1181 1314 1228 vocantem3
1345 1181 1392 1218 et
1418 1181 1570 1218 tamen
1598 1182 1787 1218 reuocat

137 1250 269 1294 suaui
290 1258 337 1294 et
358 1251 570 1295 clementi
591 1253 786 1308 ambage
805 1253 934 1295 Deus
956 1266 1101 1304 meus,
1127 1251 1250 1307 quod
1276 1250 1351 1295 hic
1380 1251 1578 1308 primum
1604 1251 1786 1309 incoepi

137 1327 409 1385 intelligere,
434 1335 484 1371 vt
505 1328 648 1385 potui,
674 1344 779 1372 nam
801 1328 940 1372 missa
961 1336 1031 1372 est
1051 1329 1110 1372 ad
1130 1343 1204 1372 me
1226 1329 1283 1371 ab
1299 1328 1446 1372 amico
1463 1330 1478 1350 ⁵
1501 1343 1559 1372 ex
1579 1330 1693 1373 vrbe
1709 1328 1785 1373 illa

137 1406 394 1462 exemplum
432 1406 651 1462 epistolae
688 1405 771 1450 M.i
798 1408 834 1450 F
836 1405 1030 1450 rancisci
1062 1405 1234 1450 Xauier
1261 1421 1318 1449 ex
1354 1406 1510 1463 primis
1541 1406 1580 1461 ⁴,
1617 1421 1707 1462 qua
1738 1414 1786 1450 et

133 1490 288 1526 narrat
303 1483 498 1527 eximius
515 1486 652 1527 Pater
668 1484 952 1540 praeclarum
974 1491 1020 1527 et
1042 1483 1169 1526 illum
1186 1470 1386 1540 amplum
1403 1484 1621 1536 fructum,
1647 1498 1783 1540 quem

133 1559 358 1603 Dominus
378 1560 618 1605 animabus
640 1561 871 1616 attulerat,
896 1568 943 1605 et
964 1560 1077 1604 illud
1093 1560 1265 1618 gratias
1282 1561 1451 1618 agebat
1467 1562 1591 1618 quod
1606 1561 1785 1605 videret

133 1637 407 1683 Societatem
436 1640 538 1682 Iesu
567 1654 594 1682 a
622 1639 730 1682 sede
756 1638 1006 1695 apostolica
1032 1653 1134 1682 esse
1161 1639 1475 1682 confirmatam
1506 1640 1544 1692 ⁵;
1576 1639 1634 1682 ad
1666 1653 1785 1694 quae

132 1716 273 1759 verba
294 1715 425 1771 quasi
447 1730 473 1759 e
489 1715 706 1759 diuturno
722 1730 883 1759 somno
899 1715 1142 1773 euigilans,
1162 1723 1207 1760 et
1224 1715 1390 1773 Ignatii
1406 1730 1460 1759 ac
1477 1730 1645 1769 rerum,
1666 1730 1784 1772 quae

133 1791 244 1835 mihi
266 1807 372 1836 cum
395 1795 450 1836 P.
476 1792 655 1850 Ignatio
677 1793 1050 1847 intercesserant,
1074 1794 1363 1846 recordatus,
1393 1795 1689 1837 vehementer
1716 1792 1783 1836 fui

133 1868 284 1913 animo
306 1877 577 1924 commotus,
603 1869 833 1926 etiamque
858 1871 1008 1927 palma
1034 1885 1238 1914 mensam
1266 1870 1528 1927 percutiens
1555 1871 1784 1914 exclama-

134 1945 198 1990 ui:
227 1948 389 1991 «Nunc
410 1949 499 1991 hoc
519 1947 735 2004 aliquid»;
761 1946 891 2003 quasi
912 1947 988 1990 illa
1008 1947 1181 2001 vltima,
1206 1962 1324 2003 quae
1345 1947 1547 1991 dixeram
1571 1949 1625 1992 Ρ.
1645 1948 1784 2004 Igna—

134 2023 198 2067 tio
235 2024 451 2068 Luteciae
483 2027 516 2078 ⁶,
549 2039 654 2068 curn
682 2024 912 2081 praesenti
939 2039 1091 2068 rerum
1119 2032 1166 2068 et
1193 2024 1414 2068 ecclesiae
1440 2024 1786 2068 confirmatione

133 2100 442 2158 coniungens,
482 2103 618 2159 plane
645 2101 816 2159 agnoui
843 2101 1029 2145 Domini
1058 2102 1252 2159 gratiam
1266 2136 1276 2155 ,
1309 2109 1356 2146 et
1383 2101 1473 2145 iam
1505 2101 1613 2146 inde
1641 2101 1785 2145 adieci

132 2177 335 2221 animum
356 2186 407 2221 vt
429 2181 619 2222 Romam
647 2178 972 2235 proficiscerer.
1006 2180 1111 2223 Mea
1137 2194 1248 2223 vero
1277 2186 1374 2223 erat
1395 2181 1509 2222 haec
1542 2178 1779 2236 cogitatio,

207 2347 216 2366 ¹
269 2346 359 2392 Ms.,
384 2346 589 2394 contiguo.

201 2407 216 2426 ²
268 2406 385 2441 «Estzi
402 2405 593 2441 edificada
610 2410 696 2441 esta
708 2406 805 2440 Real
823 2417 914 2440 casa
931 2405 980 2440 de
999 2407 1036 2440 la
1054 2405 1217 2452 Cartuja
1234 2405 1284 2441 de
1309 2407 1427 2452 Jesus
1447 2405 1497 2441 de
1516 2406 1712 2441 Nazareth
1731 2416 1781 2440 en

131 2464 168 2498 la
186 2463 406 2500 eminencia
422 2465 472 2500 de
488 2466 526 2500 la
544 2468 741 2509 montana,
761 2466 795 2500 a]
811 2464 900 2500 lado
912 2464 962 2500 de
980 2466 1017 2500 la
1030 2464 1125 2500 villa
1137 2465 1187 2500 de
1202 2465 1471 2510 Valldemoza,
1485 2465 1676 2501 conoeido
1689 2464 1782 2500 sitio

131 2535 203 2570 por
219 2535 265 2560 su
282 2524 490 2560 amenidad
505 2537 532 2571 y
549 2524 688 2560 ciclo.»
707 2525 1024 2566 DAMETO—MUT,
1043 2525 1152 2560 Hist.
1177 2526 1225 2560 de
1244 2525 1460 2567 Mallorca‚
1481 2530 1510 2560 t.
1530 2525 1601 2570 ΙΙΙ,
1621 2524 1689 2560 lib.
1710 2524 1779 2568 XI,

132 2595 219 2630 cap.
247 2592 304 2619 12.

205 2644 220 2664 ⁵
270 2643 370 2689 Quis
388 2643 508 2678 fuerit
524 2643 600 2679 iste
618 2643 782 2687 amicus,
801 2643 893 2679 vide
911 2643 1025 2688 infra,
1044 2644 1256 2688 XIMENEZ,
1278 2643 1514 2687 Comment„
1542 2656 1581 2678 n.
1612 2651 1667 2677 11.

203 2704 219 2725 ⁴
269 2702 446 2747 Scilicet,
464 2715 514 2738 ex
532 2703 667 2750 primis
684 2703 823 2739 decem
841 2703 958 2739 sociis
976 2703 1112 2739 Sancti
1130 2703 1288 2749 Ignatii.
1422 2744 1426 2748 ⁶

205 2763 219 2784 ⁵
250 2786 251 2789 =
269 2762 407 2798 Sermo
425 2774 514 2798 esse
533 2763 689 2798 videtur
706 2763 756 2798 de
774 2763 940 2810 epistola
958 2775 980 2798 a
999 2763 1040 2798 S.
1060 2762 1269 2798 Francisco
1281 2790 1290 2807 ,
1314 2762 1440 2810 pridie
1464 2762 1551 2797 idus
1577 2763 1659 2796 Ian.
1689 2769 1781 2806 1544

132 2821 236 2856 data.
255 2822 317 2859 Cf.
338 2822 599 2867 MENCHACA,
618 2823 748 2870 Epist.
770 2823 811 2858 S.
830 2823 1061 2865 Francisci,
1082 2822 1150 2858 lib.
1177 2822 1208 2867 1,
1234 2834 1296 2869 ep.
1323 2831 1414 2866 xxv,
1433 2834 1472 2857 n.
1502 2830 1565 2866 14;
1592 2820 1659 2855 ubi
1683 2820 1780 2855 haec

132 2881 270 2917 scribit
288 2881 455 2917 Sanctus
473 2881 704 2918 Franciscus
723 2882 875 2928 Javier:
897 2884 978 2918 «Ex
997 2883 1130 2918 multis
1148 2887 1281 2918 autem
1298 2893 1344 2917 ac
1362 2881 1515 2928 magnis
1533 2880 1648 2926 hujus
1674 2879 1779 2915 vitae

130 2940 340 2986 fructibus,
357 2953 455 2989 quos
473 2941 599 2977 adhuc
617 2941 693 2977 Dei
710 2942 903 2978 beneficio
920 2943 1027 2989 cepi,
1048 2947 1089 2977 et
1105 2941 1281 2989 quotidie
1298 2942 1430 2988 capio,
1450 2941 1559 2976 illum
1578 2938 1780 2975 enimvero

132 3001 234 3036 duco
251 3000 477 3046 maximum3
497 3001 602 3048 quod
618 3007 776 3038 nostrae
794 3001 1005 3037 Societatis
1029 3001 1281 3046 Institutum,
1300 3000 1503 3036 Pontificis
1527 2999 1687 3034 Maximi
1714 2996 1779 3034 au-

132 3059 317 3096 ctoritate
334 3062 632 3108 comprobatum
650 3061 1001 3109 confirmatumque
1020 3073 1109 3097 esse
1127 3060 1336 3108 cognovi.»

207 3121 223 3142 θ
272 3120 374 3156 Vide
391 3132 522 3168 supra,
540 3133 580 3156 n.
599 3132 635 3166 9.
