2028 3484
211 265 284 323 358
791 267 931 317 Epis'r,
959 266 1003 327 P,
1031 265 1279 316 Naum—798

214 380 377 413 escusa
397 367 444 411 ni
466 367 851 425 ynconbeniente‚
876 375 1037 426 acepte
1058 368 1117 415 de
1137 368 1267 415 venir
1293 377 1394 415 esta
1413 370 1622 428 jornada,
1648 369 1762 427 que,
1778 371 1868 417 de-

214 448 312 490 mas
333 445 407 491 del
428 460 545 503 gran
565 445 673 491 bien
694 460 784 503 que
805 461 864 492 en
881 446 968 492 ella
1002 447 1130 501 hara,
1165 447 1208 492 el
1239 453 1377 493 senor
1412 448 1568 504 duque
1593 448 1652 494 de
1678 448 1872 494 Medina.

214 522 446 579 resceujra
466 537 578 580 muy
598 537 715 585 gran
735 523 935 580 merced,
959 537 991 581 y
1011 538 1071 580 yo
1091 523 1136 568 la
1162 538 1321 581 mayor
1347 539 1437 581 que
1463 525 1625 582 podria
1651 539 1864 571 encares—

215 613 309 656 cer.
334 600 376 644 Y
398 614 574 657 porque
595 614 757 657 espero
779 614 870 657 que
890 614 951 644 no
972 603 1147 658 negata
1167 615 1274 646 cosa
1296 608 1374 646 tan
1389 602 1515 659 justa
1530 617 1561 659 y
1578 609 1656 646 tan
1675 615 1873 659 necces-<

217 676 352 733 saria,
376 692 439 721 no
460 677 558 722 dire
579 681 677 722 mas
698 693 753 724 en
778 684 874 723 esta
897 678 955 723 de
971 679 1109 736 rogar
1129 681 1157 723 a
1177 685 1367 725 nuestro
1383 679 1533 725 Sefior
1549 693 1603 726 su
1621 693 1731 737 muy
1747 679 1869 726 Rda‚

218 768 414 811 persona
434 755 612 812 guarde
632 769 763 799 como
784 755 829 799 lo
851 755 1028 801 dessea.

308 832 381 877 De
401 833 617 891 Napoles,
642 835 669 877 a
696 845 748 891 19
770 832 829 878 de
850 833 1032 890 Agosto
1057 843 1107 890 15
1114 844 1188 890 52.

703 909 935 967 Servydor
955 910 1013 956 de
1030 911 1089 956 V.
1110 925 1192 965 m.‚

1001 989 1061 1032 D.
1087 989 1302 1043 SANCHO‚
1329 1003 1380 1033 M.
1406 1003 1470 1034 DE
1493 989 1678 1034 LEYVA.

176 1115 190 1129 ·
313 1063 560 1121 Inscriptio
601 1066 652 1108 in
695 1068 863 1122 quarta
896 1066 1110 1124 pagina:
1152 1064 1182 1124 -Ι-
1223 1066 1286 1111 Al
1322 1080 1433 1124 muy
1469 1066 1584 1111 Rdo.
1623 1067 1788 1119 Senor,
1830 1065 1880 1110 el

228 1143 283 1186 P.
310 1142 446 1187 Mtro.
471 1142 633 1187 Nadal.
661 1143 732 1186 En
754 1143 914 1188 Roma.

327 1220 581 1278 Vestigium
604 1219 769 1278 sigilli.
831 1253 834 1256 -

1017 1420 1101 1462 98

783 1522 828 1558 Ρ.
857 1521 1098 1569 JACOBUS
1123 1523 1320 1559 LAINEZ

660 1619 720 1662 P.
756 1618 1186 1663 HIERONYMO
1219 1619 1464 1663 NADAL

691 1726 879 1780 Romae,
906 1727 934 1770 6
955 1725 1230 1772 Novembris
1257 1726 1369 1782 1560
1395 1727 1425 1771 ¹.

867 1827 1043 1864 Litterae
1068 1808 1265 1876 patentes.

311 1915 596 1954 Commissarii
607 1918 817 1967 generalis
833 1929 984 1954 munus
995 1920 1075 1965 pro
1092 1917 1336 1965 Hispaniae,
1359 1915 1537 1959 Galliae,
1561 1915 1811 1953 Germaniae

523 1980 560 2013 et
576 1977 725 2014 Italiae
737 1978 964 2026 provinciis
982 1977 1105 2014 Patri
1121 1976 1261 2013 Nadal
1278 1977 1554 2013 demandatur
1571 1977 1600 2012 ².

323 2063 525 2131 Jacobus
546 2072 746 2129 Laynez,
786 2071 1031 2118 Societatis
1051 2073 1167 2130 Jesu
1192 2070 1480 2129 praepositus
1511 2069 1741 2128 generalis
1777 2070 1895 2113 cha-

241 2148 421 2193 rissimo
442 2148 490 2192 in
512 2148 695 2194 Christo
717 2148 845 2195 fratri
861 2148 1037 2193 doctori
1054 2147 1338 2206 Hieronymo
1353 2147 1523 2202 Natali,
1542 2146 1767 2193 sacerdoti
1781 2160 1898 2205 pro-

319 2319 330 2339 1
380 2316 440 2352 Ex
456 2316 710 2364 palimpsesto
726 2327 748 2352 a
771 2315 816 2352 P.
842 2316 1013 2352 Polanco
1037 2315 1266 2361 emendato,
1284 2314 1326 2352 in
1343 2315 1439 2362 vo1.,
1458 2314 1523 2351 cui
1549 2314 1688 2351 titulus
1715 2313 1902 2350 Litterae

237 2379 435 2425 patenteS‚
454 2385 642 2422 1545-99‚
660 2375 807 2423 duplici
824 2374 908 2421 fol„
927 2380 1018 2423 post
1035 2375 1102 2411 fol.
1123 2384 1183 2411 20.

313 2438 328 2459 2
379 2436 497 2472 «XIV
511 2435 707 2472 Kalendas
721 2435 954 2472 Decembris
969 2436 1161 2482 Jacobum
1174 2435 1417 2482 Ximenium,
1432 2434 1500 2482 qui
1513 2433 1668 2470 emissis
1682 2432 1801 2480 votis,
1818 2428 1904 2469 etsii

244 2495 418 2533 nondum
435 2501 592 2543 sumpto
609 2495 759 2531 vestitu
777 2495 1003 2538 Societatis‚
1023 2494 1063 2531 in
1081 2494 1262 2541 Collegio
1280 2493 1518 2531 Germanico
1536 2494 1694 2540 agebat,
1719 2492 1769 2529 ad
1790 2492 1902 2530 litte-

244 2567 324 2603 ras,
341 2560 383 2591 et
399 2555 504 2603 quod
520 2566 618 2603 opus
634 2554 737 2598 foret
755 2554 1007 2591 scribendum
1024 2554 1171 2591 auxilio
1194 2554 1370 2591 futurum
1387 2553 1573 2590 comitem
1596 2553 1759 2599 ducens,
1776 2553 1895 2588 Nata-

245 2615 294 2653 lis
317 2615 442 2651 Roma
469 2614 666 2660 discessit,
694 2620 904 2651 veneratus
930 2620 1023 2651 ante
1046 2614 1294 2661 Pontificem,
1317 2613 1525 2661 faustaque
1549 2613 1634 2649 eius
1653 2611 1904 2660 precatione„

246 2686 293 2711 ac
331 2674 474 2712 litteris
512 2674 561 2710 ad
598 2674 822 2722 Philippum
861 2675 1014 2721 Regem
1052 2673 1383 2710 commendatitiis
1422 2677 1596 2709 ornatus.
1614 2685 1633 2707 »
1674 2672 1903 2716 SACCHINx,

247 2735 357 2771 Hist.
377 2735 480 2777 Soc„
499 2739 599 2782 part.
618 2735 671 2781 ΙΙ,
690 2735 758 2771 lib.
777 2742 833 2780 lv,
853 2746 892 2769 n.
916 2734 997 2780 196.
1017 2735 1127 2781 Quas
1141 2733 1300 2781 quidem
1314 2732 1510 2780 pontificis
1524 2733 1691 2778 litteras,
1706 2743 1796 2768 eum
1809 2730 1904 2767 aliis

246 2793 493 2831 documentis
511 2794 560 2830 ad
576 2795 678 2830 hanc
699 2793 827 2830 Patris
852 2793 977 2830 Nadal
1005 2792 1233 2830 missionem
1257 2792 1550 2840 spectantibus,
1573 2792 1638 2828 hic
1661 2792 1906 2828 subnectere:

251 2854 383 2890 visum
401 2858 478 2890 est.

364 2943 539 2980 Litterae
556 2943 910 2979 commendatitiae
926 2942 1078 2978 summi
1090 2941 1297 2990 pontificis
1314 2942 1369 2977 ad
1385 2952 1523 2989 regem
1541 2941 1796 2988 Philippum.

325 3032 588 3069 «Charissimo
601 3032 642 3069 in
655 3032 812 3070 Christo
824 3031 906 3068 filio
920 3037 1053 3068 nostro
1064 3031 1244 3079 Philippo
1255 3030 1532 3078 Hispaniarum
1543 3029 1628 3076 regi
1641 3026 1907 3066 catholico.-

252 3092 496 3129 Charissime
514 3092 555 3128 in
573 3091 731 3129 Christo
747 3091 803 3128 fili
821 3096 968 3128 noster.
985 3092 1180 3137 Salutem,
1196 3095 1273 3127 etc.
1289 3089 1476 3127 Memoria
1492 3095 1688 3134 tenemus,
1707 3101 1825 3137 quam
1842 3087 1907 3124 di-
