2098 3548
751 316 908 353 PATms
933 315 1085 351 NADAL
1111 322 1248 351 GESTA
1783 324 1825 352 1x

117 416 123 423 ’
180 420 487 480 perlustravit,
512 419 860 465 constitutiones
886 419 933 463 in
960 418 1048 462 illis
1078 417 1410 476 promulgavit,
1439 432 1512 462 res
1533 416 1828 475 collegiorum

182 499 424 552 ordinavit,
450 498 640 542 utilibus
660 497 809 542 socios
830 496 1117 541 documentis
1137 495 1353 540 instruxit
1375 495 1540 554 (1555).

271 579 324 621 In
353 578 491 621 finem
521 582 744 633 vergente
775 590 911 629 anno,
946 574 1141 618 mittitur
1171 574 1324 618 denuo
1350 573 1398 617 in
1426 572 1695 630 Hispaniam
1723 587 1827 616 cum

186 658 238 700 P.
264 654 498 700 Ludovico
519 654 795 710 Goncalves,
825 660 878 696 ut
903 651 1108 697 subsidia
1133 666 1214 709 pro
1241 650 1435 709 collegio
1462 665 1652 694 romano
1673 665 1828 694 corro-

181 739 328 790 garet,
353 731 558 776 ordinem
579 731 838 775 studiorum
859 737 905 774 et
924 729 1197 774 domesticas
1218 727 1575 773 consuetudines
1601 728 1659 772 ad
1679 743 1830 771 roma-

183 825 268 855 nae
293 809 533 856 Societatis
561 823 732 853 morem
755 809 1074 861 conformaret,
1103 807 1227 864 quod
1260 806 1444 863 quidem
1472 806 1661 864 egregie
1681 812 1728 850 et
1748 819 1830 863 pro

181 887 300 932 votis
321 887 487 945 Ignatii
508 887 652 945 gessit
680 886 989 945 (1555-1556).

270 965 448 1023 Ignatio
470 965 628 1009 evivis
650 965 846 1017 sublato,
872 966 926 1008 P.
952 964 1115 1016 Nadal,
1140 963 1215 1007 cui
1238 963 1367 1007 triste
1392 962 1604 1006 nuntium
1633 961 1831 1006 Valliso-

183 1043 261 1088 leti
287 1044 316 1097 ¹,
341 1058 434 1087 non
463 1050 569 1087 ante
597 1043 910 1100 Septembrem
938 1042 1162 1099 perlatum
1190 1047 1276 1094 est,
1297 1042 1488 1085 Romam
1518 1039 1680 1097 repetit
1707 1040 1831 1083 solus

143 1140 145 1142 ·
185 1120 413 1166 «terrestri
440 1120 602 1165 itinere
625 1135 704 1177 per
731 1119 974 1164 Galliam.»
1013 1119 1257 1164 «Pervenit
1284 1120 1476 1181 Romam
1505 1119 1558 1161 P.
1600 1116 1776 1162 Natalis
1806 1129 1831 1160 2

174 1198 450 1243 'Decembris
477 1199 520 1239 ³»
552 1198 660 1242 anni
688 1198 816 1253 1556,
846 1197 927 1240 ubi
954 1212 981 1241 a
1016 1196 1188 1241 vicario
1224 1195 1429 1254 generali
1449 1196 1508 1239 ad
1539 1194 1729 1239 consilia
1750 1209 1832 1252 pro

183 1276 412 1323 Societate
432 1277 732 1334 gubernanda
752 1275 1010 1329 adhibetur,
1035 1274 1322 1332 collegioque
1343 1288 1530 1318 romano
1552 1272 1828 1330 praeficitur.

186 1357 275 1399 Pro
310 1353 467 1398 vicarii
494 1353 720 1411 generalis
747 1353 1019 1398 auctoritate
1046 1359 1206 1397 contra
1236 1353 1608 1410 perturbatorum
1641 1357 1834 1395 conatus

184 1432 400 1477 acerrime
421 1432 730 1492 propugnavit
753 1433 766 1490 (
773 1445 789 1476 1
799 1442 822 1487 5
829 1432 910 1487 56-
918 1445 934 1476 1
943 1442 967 1487 5
974 1431 1061 1488 57).

273 1509 507 1554 Assistens
528 1525 612 1567 pro
634 1509 907 1554 Germaniae
929 1515 975 1553 et
996 1509 1173 1554 Galliae
1194 1508 1439 1566 provinciis
1461 1515 1643 1552 creatur
1665 1508 1735 1565 (15
1742 1508 1829 1563 58);

183 1602 275 1645 quo
295 1587 342 1630 in
358 1602 546 1631 munere
563 1594 655 1630 tam
672 1587 902 1646 praeclare
917 1601 968 1631 se
984 1586 1143 1644 gessit,
1169 1593 1221 1630 ut
1236 1588 1289 1631 P.
1312 1586 1498 1640 Lainez,
1518 1600 1624 1630 cum
1641 1586 1699 1629 de
1714 1584 1834 1628 invi-

183 1666 326 1710 senda
346 1665 576 1711 Societate
597 1680 679 1723 per
699 1680 858 1710 omnes
880 1667 1091 1722 Europae
1112 1664 1371 1722 provincias
1392 1664 1633 1722 cogitaret,
1658 1663 1834 1707 nullum

186 1746 322 1788 Patre
348 1744 496 1788 Nadal
524 1742 744 1800 aptiorem
771 1742 1004 1800 repererit,
1036 1742 1111 1787 cui
1140 1749 1318 1787 tantum
1345 1756 1514 1786 munus
1551 1741 1836 1786 committere

185 1828 353 1879 posset.
1584 1806 1587 1808 ¹
1614 1827 1617 1829 ’

274 1899 417 1942 Plena
442 1898 584 1956 igitur
611 1897 883 1943 auctoritate
909 1914 937 1942 a
967 1898 1170 1956 generali
1191 1898 1278 1956 ipsi
1314 1898 1666 1951 communicata,
1702 1896 1836 1941 tertio

183 1976 338 2020 invisit
358 1976 615 2034 provincias
633 1975 898 2033 Hispaniae.
926 1975 1140 2020 Pluribus
1160 1975 1283 2021 vitae
1311 1975 1524 2033 periculis
1551 1983 1672 2020 terra
1696 1974 1835 2018 mari-

182 2069 271 2111 que
292 2054 534 2111 superatis,
565 2069 592 2098 a
619 2053 808 2111 regibus
836 2053 1085 2111 Hispaniae
1112 2060 1159 2098 et
1186 2053 1452 2099 Lusitaniae
1473 2053 1674 2111 benigne
1699 2067 1836 2097 exce-

183 2140 306 2189 ptus,
327 2133 473 2176 -multa
499 2131 547 2175 in
572 2131 780 2189 collegiis
807 2131 1049 2184 ordinavit,
1073 2132 1277 2176 omnium
1305 2131 1481 2177 animos
1508 2131 1595 2176 sibi
1622 2129 1837 2175 concilia-

181 2210 262 2264 vit,
281 2211 476 2269 collegia
491 2211 826 2269 multiplicavit,
842 2210 1237 2256 exhortationibus
1258 2210 1482 2268 sapientia
1502 2217 1549 2254 et
1571 2209 1836 2268 cognitione

180 2288 377 2333 instituti
399 2290 575 2334 refertis
596 2297 777 2334 nostros
804 2289 1019 2343 excoluit,
1050 2289 1339 2347 singulorum
1367 2303 1558 2334 examen
1580 2288 1714 2345 juxta
1742 2288 1836 2331 for-

183 2367 354 2410 mulam
374 2367 432 2411 ab
454 2382 508 2411 eo
528 2367 760 2412 inventam
781 2367 960 2425 excepit
982 2369 1016 2421 ⁵,
1047 2367 1340 2412 missionibus
1367 2374 1579 2411 strenuos
1607 2365 1836 2423 operarios

182 2444 398 2501 providit,
423 2445 618 2503 collegio
640 2461 827 2490 romano
848 2460 969 2489 nova
989 2445 1194 2490 subsidia
1214 2444 1494 2502 comparavit
1522 2443 1831 2503 (1561-1562).

272 2523 382 2566 Inde
403 2522 451 2566 in
487 2523 684 2568 Galliam
720 2523 1028 2581 progreditur,
1070 2523 1264 2568 tolosani
1299 2522 1481 2580 collegii
1503 2521 1834 2566 institutionem

184 2607 438 2657 praeparat,
478 2600 526 2644 in
556 2601 891 2646 haereticorum
932 2616 1097 2645 manus
1132 2600 1313 2654 incidit,
1348 2607 1395 2644 et
1430 2599 1537 2644 inde
1572 2598 1836 2642 mirabiliter

259 2738 271 2759 ¹
323 2738 382 2772 Ex
399 2738 444 2773 P.
470 2738 660 2774 NATALIS
689 2739 919 2786 Opusculi8‚
945 2750 1035 2786 pag.
1066 2739 1147 2786 164,
1166 2739 1235 2775 ubi
1258 2739 1356 2774 haee
1374 2738 1473 2786 ipse:
1502 2735 1778 2776 «Obdormiuit
1795 2735 1836 2772 in

187 2796 357 2832 Domino
374 2798 492 2833 Pater
509 2798 686 2844 Ignatius
700 2798 765 2834 die
779 2798 937 2834 veneris
951 2799 1000 2834 ad
1018 2805 1147 2836 ortum
1161 2798 1271 2844 solis,
1285 2798 1328 2834 31
1346 2798 1439 2845 Julij
1462 2798 1568 2844 1556,
1584 2803 1698 2833 natus
1713 2808 1836 2832 annos

186 2855 248 2903 64,
262 2859 366 2892 anno
384 2863 474 2904 post
491 2857 702 2895 Societatis
719 2858 1009 2895 institutionem
1030 2859 1086 2894 16.
1106 2860 1191 2906 Ego
1210 2871 1316 2895 eram
1341 2858 1547 2894 Simancae
1571 2858 1611 2893 in
1630 2857 1834 2905 Hispania3

187 2915 255 2951 vbi
273 2921 405 2952 tamen
422 2917 590 2964 primum
607 2918 765 2964 resciui,
780 2919 885 2967 quod
901 2919 977 2955 fuit
994 2918 1232 2967 Vallisoleti,
1251 2930 1387 2955 mense
1406 2918 1645 2966 Septembri,
1670 2917 1836 2953 tristicia

186 2974 369 3022 primum,
389 2976 460 3012 sed
476 2989 579 3025 quae
598 2978 732 3014 statim
756 2984 818 3020 est
835 2984 1026 3026 occupata
1047 2979 1234 3017 firmitate
1251 2981 1420 3029 quadam
1437 2979 1599 3028 spiritus
1622 2983 1664 3014 et
1685 2978 1835 3015 exulta—

190 3034 313 3078 tione,
329 3041 432 3072 etc.»

259 3098 273 3117 ²
326 3097 385 3131 Ex
404 3097 591 3133 NATALls
611 3099 791 3145 Ephem„
813 3112 903 3136 ann.
924 3099 1028 3147 1556,
1047 3099 1113 3136 fol.
1133 3109 1180 3148 42
1198 3113 1236 3137 v.

262 3155 277 3175 ⁵
331 3155 432 3193 Vide
451 3155 568 3205 infra,
588 3157 685 3196 Cod.
709 3159 765 3196 16·
