2046 3510
530 264 720 308 Cometes
744 277 804 308 An
828 266 874 307 P.
901 266 1055 308 NADAL
1079 275 1168 309 NON
1192 276 1486 311 PERTtNEN‘rES
1749 280 1831 313 txv

179 367 374 415 sitorum
395 371 707 426 Generalium,
733 372 781 416 in
802 372 1096 418 Germaniam
1114 373 1394 431 superiorem
1415 375 1595 429 missae,
1622 378 1694 434 ’ἼΗ
1720 380 1832 433 1576

177 449 331 506 —¹⁵s„
363 450 595 505 1580.—11
616 450 929 495 Fasciculus.»

267 526 296 584 1)
359 528 463 571 Hoc
499 528 717 572 volumen
759 527 1044 574 inscribitur:
1094 529 1265 588 «Epist.
1305 529 1476 575 Italiae.
1524 541 1652 587 1571.
1698 544 1825 589 1572.

184 614 342 661 1573.»
368 606 524 651 Habet
550 607 630 663 185
654 608 703 651 ff.
734 605 782 651 in
811 607 898 652 f.0.

855 770 1042 812 Codex
1067 769 1149 812 34

264 921 423 966 Codex
451 921 500 966 in
529 922 659 980 folio,
690 921 991 980 compositus,
1022 922 1287 967 membrana
1313 929 1584 980 coopertus,
1615 923 1690 968 cui
1717 925 1828 970 corii

174 999 482 1058 fragmentum
511 1000 559 1045 in
586 1002 723 1046 dorso
750 1000 1092 1059 agglutinatum
1121 1007 1206 1045 est.
1239 1002 1374 1045 Hanc
1401 1000 1564 1046 litteris
1599 1002 1828 1047 deauratis

171 1078 369 1134 praefert
384 1078 741 1137 inscriptionem:
766 1079 1145 1124 «EPISTOLAE
1172 1077 1179 1138 Ι
1207 1079 1257 1124 S.
1278 1080 1314 1123 F
1317 1080 1609 1125 RANCISCI
1636 1080 1643 1140 Ι
1672 1082 1826 1126 BOR-

170 1156 323 1201 GIAE
349 1156 357 1216 Ι
384 1171 446 1202 ΑΒ
468 1171 546 1203 AN.
580 1168 689 1214 1545
718 1156 726 1217 Ι
753 1172 816 1203 AD
845 1167 1002 1213 1572».
1036 1157 1124 1213 306
1150 1156 1459 1214 monumentis
1486 1165 1682 1213 constat,
1708 1174 1825 1216 quae

171 1235 368 1280 maxima
388 1243 517 1294 parte
537 1236 756 1294 epistolae
777 1242 887 1280 sunt
913 1234 1056 1293 ipsius
1078 1236 1128 1281 S.
1160 1236 1197 1279 F
1199 1234 1393 1279 rancisci
1416 1239 1730 1294 autographae
1751 1239 1824 1282 vel

171 1314 438 1372 originales,
469 1314 703 1358 nonnullis
730 1313 829 1358 aliis
856 1312 1146 1367 intermixtis,
1179 1327 1296 1370 quae
1317 1314 1376 1357 ad
1397 1313 1546 1371 ipsum
1576 1330 1603 1358 a
1631 1315 1823 1361 diversis

171 1392 376 1451 personis
398 1392 593 1451 scriptae
614 1393 815 1436 fuerunt.
843 1393 973 1436 Haec
995 1398 1306 1446 monumenta,
1328 1398 1486 1449 utpote
1502 1407 1559 1437 ex
1580 1393 1718 1437 variis
1739 1409 1823 1438 co·-

170 1469 349 1514 dicibus
376 1471 562 1525 selecta,
591 1469 779 1528 duplici,
815 1469 926 1528 quin
953 1476 1000 1514 et
1027 1467 1191 1526 triplici
1220 1471 1500 1527 quandoque
1527 1485 1820 1517 numerorum

167 1548 285 1594 serie
305 1548 520 1593 distincta
540 1555 669 1593 sunt:
690 1548 894 1605 antiqua,
916 1547 1142 1601 foliorum,
1162 1548 1288 1592 nullo
1304 1562 1428 1592 nunc
1444 1549 1604 1594 ordine
1619 1559 1816 1605 servat03

168 1627 340 1672 recenti
360 1642 486 1683 vero,
519 1626 565 1671 in
596 1642 687 1684 qua
713 1627 991 1671 documenta
1018 1626 1178 1670 ordine
1205 1625 1424 1670 continuo
1445 1628 1648 1672 numeris
1683 1641 1818 1685 1-303

167 1712 324 1750 notata
350 1713 481 1759 sunt,
513 1705 659 1749 tribus
686 1703 786 1757 aliis
813 1702 1108 1761 interpositis,
1141 1717 1260 1760 quae
1285 1703 1488 1748 numeris
1516 1705 1598 1760 164
1618 1705 1704 1759 bis,
1737 1707 1817 1762 183

166 1780 252 1838 bis,
277 1790 323 1828 et
346 1794 430 1840 235
454 1783 540 1838 bis,
566 1782 930 1841 distinguuntur.
958 1782 1264 1836 Praecedunt,
1285 1782 1411 1826 nullo
1428 1789 1586 1826 notata
1606 1798 1814 1838 numero,

168 1861 253 1906 tria
276 1861 397 1916 folia,
423 1876 616 1919 quorum
638 1860 835 1919 primum
863 1866 908 1904 et
938 1859 1122 1904 tertium
1150 1874 1265 1917 pura
1291 1858 1478 1904 omnino
1504 1867 1634 1915 sunt3
1667 1860 1715 1904 in
1743 1876 1817 1906 se-

166 1941 318 1984 cundo
339 1947 492 1984 autem
515 1941 569 1984 P.
596 1941 744 1984 Boero
761 1937 958 1996 scripsit:
982 1937 1238 1995 «Epistolae
1265 1936 1272 1996 Ι
1301 1938 1350 1982 S.
1370 1939 1406 1981 F
1409 1937 1602 1982 rancisci
1620 1938 1816 1997 Borgiae

165 2019 213 2063 S.
233 2020 277 2077 J.
290 2036 327 2072 »,
354 2018 475 2062 unde
496 2017 722 2075 conjicere
743 2015 849 2061 licet
870 2016 927 2060 ab
949 2030 1004 2060 eo
1026 2015 1340 2060 collectionem
1362 2016 1482 2059 hanc
1502 2015 1812 2073 epistolarum,

163 2109 218 2139 ac
237 2094 428 2153 proinde
448 2094 598 2140 medio
623 2097 711 2138 hoc
738 2094 938 2147 saeculo,
967 2092 1043 2137 vel
1069 2093 1207 2150 paulo
1233 2099 1354 2151 post,
1386 2092 1528 2137 fuisse
1557 2094 1738 2139 factam.
1764 2096 1815 2139 In

163 2173 255 2217 fine
275 2174 368 2217 duo
389 2172 499 2217 item
522 2172 632 2217 folia
651 2186 842 2216 numero
864 2170 1036 2216 ordinis
1056 2177 1228 2214 carent.
1254 2171 1306 2214 In
1322 2161 1479 2215 eorum
1501 2171 1647 2229 primo
1669 2188 1816 2230 pauca

164 2252 302 2295 verba
322 2250 492 2308 scripta
511 2249 809 2294 inveniuntur
825 2249 883 2292 ad
898 2249 1037 2305 hujus
1054 2247 1224 2292 codicis
1240 2247 1475 2293 materiam
1493 2264 1585 2294 non
1601 2258 1814 2308 spectan—

164 2328 240 2372 tia.
266 2329 532 2374 Secundum
553 2342 720 2385 purum
741 2326 926 2371 omnino
948 2332 1033 2379 est,
1058 2332 1105 2370 et
1125 2342 1152 2371 a
1172 2325 1275 2370 libri
1297 2326 1616 2384 compositore,
1642 2335 1694 2371 ut
1715 2343 1812 2372 mo-

106 2448 118 2459 ,
162 2406 225 2450 ris
245 2413 331 2462 est,
356 2406 600 2463 adjectum.
629 2405 781 2449 Prima
802 2404 1008 2462 epistola,
1033 2405 1091 2449 ad
1109 2406 1162 2448 P.
1189 2404 1418 2462 Ignatium
1436 2405 1493 2448 de
1510 2406 1683 2462 Loyola
1704 2405 1813 2449 mis-

162 2498 228 2538 sa,
260 2498 377 2541 quae
404 2498 593 2528 numero
622 2496 638 2527 1
665 2481 979 2540 distinguitur,
1003 2481 1183 2539 incipit:
1220 2481 1275 2540 «†
1304 2484 1416 2539 Muy
1438 2481 1550 2526 R.d0
1571 2483 1670 2527 S.0r
1695 2498 1725 2539 y
1748 2482 1809 2525 mi

164 2562 327 2606 Padre.
354 2563 455 2606 Con
476 2562 519 2606 el
539 2562 700 2605 doctor
722 2562 887 2605 Torres
909 2560 1059 2604 recebi
1067 2594 1154 2603 .....
1166 2577 1184 2600 »
1210 2566 1257 2604 et
1273 2558 1460 2603 desinit:
1490 2561 1587 2603 «De
1608 2561 1804 2614 Gandia,

161 2643 189 2683 a
231 2652 278 2684 11
319 2640 378 2683 de
413 2638 718 2684 Nouiembre»
750 2637 849 2682 sine
877 2652 1012 2682 anno.
1046 2639 1159 2681 Post
1186 2636 1427 2694 scriptum:
1462 2638 1555 2681 «Lo
1583 2652 1671 2693 que
1698 2636 1806 2694 digo

160 2717 234 2761 del
269 2717 402 2762 dotor
434 2719 676 2762 Torres...
713 2717 846 2760 hasta
873 2730 963 2772 que
990 2729 1039 2759 se
1066 2715 1419 2770 desenbarace.»
1462 2714 1683 2760 Ultimum
1711 2729 1810 2758 mo-

159 2802 446 2849 numentum,
471 2795 711 2853 originale,
736 2795 822 2839 sub
840 2808 1030 2838 numero
1049 2806 1134 2849 303
1151 2794 1441 2847 collocatum,
1461 2792 1635 2849 incipit:
1660 2793 1808 2836 «Ihus.

157 2871 218 2932 [A
239 2873 323 2935 los]
344 2889 453 2931 muy
475 2873 608 2918 R.dOS
630 2889 661 2930 y
683 2871 978 2917 charissimos
1001 2871 1174 2915 Padres
1189 2886 1220 2928 y
1236 2872 1478 2915 hermanos
1495 2885 1552 2914 en
1569 2872 1688 2926 Xpo.
1711 2871 1811 2914 Con

157 2951 202 2994 la
223 2951 475 2996 uenida...»
503 2951 674 2997 Ultima
694 2951 795 3007 ejus
815 2950 956 2994 verba
977 2955 1107 2993 sunt:
1137 2964 1192 3006 «y
1214 2963 1339 2993 amor
1356 2963 1445 3005 que
1467 2948 1508 2991 le
1531 2954 1685 3004 tengo.
1713 2948 1812 2991 He-

160 3030 247 3072 cha
267 3044 325 3074 en
347 3031 507 3083 Roma,
532 3030 575 3073 el
597 3043 693 3073 mes
714 3030 772 3073 de
794 3027 928 3073 Abril
955 3028 1111 3085 1569.»

341 3190 455 3221 Emsr.
476 3192 513 3220 Ρ.
534 3191 668 3229 Natum,
688 3198 766 3221 rou.
789 3191 814 3221 1.
1575 3195 1595 3217 Ε
