2098 3548
713 292 959 329 ‘EPISTOLA'E
984 291 1029 328 P.
1058 291 1210 329 NADAI':
1705 302 1791 333 xvn

942 448 984 490 τε

556 554 892 602 EPISTOLAE
918 553 1139 597 PATR1s
1163 556 1378 597 NADAL

689 659 765 697 ET.
784 659 858 715 AD
883 659 1046 697 1ps1JM
1072 629 1275 696 DATAE'

146 823 163 826 -.
235 788 309 831 De
328 787 416 830 hac
442 785 560 830 serie
580 785 850 842 litterarum,
875 787 932 830 ad
952 789 1006 830 P.
1033 787 1180 832 Nadal
1202 787 1524 844 spectantium,
1545 788 1646 843 tria,
1667 790 1801 834 clari-

148 864 257 930 tatis
276 864 440 922 gratia,
466 879 493 908 a
514 863 646 908 nobis
667 863 742 908 hic
770 864 1059 911 declaranda.
1092 878 1128 909 1.
1151 864 1345 921 Quibus
1373 865 1594 923 epistolis
1604 875 1799 913 constet.

151 955 193 987 2.
227 925 468 999 Quaenam
496 941 588 986 sint
615 957 771 986 earum
800 949 1088 1000 argumenta
1123 956 1163 998 3.
1198 944 1318 1000 Qua
1333 945 1552 988 methodo
1580 945 1798 990 edendae.

195 1021 279 1064 -·;Ι
301 1021 497 1077 QUIBUS
519 1026 772 1065 EPISTOLIS
793 1022 1017 1065 'CONSTET
1041 1021 1170 1066 HAEC
1195 1020 1382 1066 s'ERiES.
1409 1027 1459 1077 a)
1489 1021 1647 1067 Primo
1677 1039 1800 1068 com-

127 1048 605 1156 plectitur-epistolas
633 1114 663 1141 a
685 1099 745 1142 P.
761 1099 930 1142 ,Nadal
958 1086 1104 1152 datas,
1132 1099 1189 1142 ab
1219 1114 1340 1143 anno
1374 1098 1486 1155 1546
1513 1101 1571 1144 ad
1606 1095 1734 1157 15‘77,
1760 1102 1804 1145 id

151 1183 222 1221 est
241 1175 416 1221 litteras
437 1177 494 1226 ab
515 1175 616 1233 ipso
637 1175 920 1234 conscriptas
941 1177 1027 1220 sub
1056 1184 1253 1234 quatuor
1279 1178 1550 1235 praepositis
1577 1180 1806 1237 generali—

153 1255 256 1310 bus,
281 1253 464 1312 Ignatio
483 1254 787 1313 (1546-1556),
813 1253 982 1298 Lainez
1006 1254 1315 1312 (1556-1565)‚
1341 1256 1477 1313 Borja
1495 1257 1802 1315 (1565—1572),

153 1339 199 1377 et
220 1331 509 1378 Mercuriano
531 1331 838 1390 (1572-1577).
867 1333 969 1376 Hae
997 1339 1150 1376 autem
1179 1332 1398 1390 epistolae
1426 1334 1483 1378 ad
1511 1334 1635 1392 ipsos
1662 1350 1804 1392 gene-

155 1411 272 1455 rales
294 1417 346 1454 ut
366 1410 613 1467 plurimum
634 1410 769 1454 datae
795 1414 923 1454 sunt.
953 1410 1087 1454 Aliae
1112 1410 1249 1455 etiam
1277 1410 1386 1455 aliis
1402 1411 1678 1470 insignibus,
1711 1421 1807 1457 tu‘m

156 1487 412 1542 Societatis‚
439 1495 540 1537 tum
557 1487 759 1532 externis
780 1487 889 1532 viris
917 1488 1098 1542 missae,
1123 1496 1176 1532 ut
1204 1489 1347 1534 videri
1374 1490 1541 1548 poterit
1567 1487 1808 1536 incatalo—

157 1566 230 1624 gis
266 1566 325 1610 ad
360 1566 531 1610 calcem
573 1565 723 1624 operis
765 1572 812 1610 et
847 1566 1135 1624 singulorum
1172 1567 1456 1611 'voluminum
1493 1568 1803 1625 subjiciendis.

158 1645 326 1688 Extant
347 1643 395 1687 in
416 1643 611 1701 regestis
633 1643 926 1701 epistolarum
957 1645 1051 1688 ΡΡ.
1084 1644 1368 1702 generalium
1403 1657 1514 1702 1350
1539 1653 1589 1690 et
1616 1647 1809 1704 amplius

157 1722 337 1766 litterae
371 1722 429 1767 ad
461 1722 614 1766 varias
649 1721 906 1779 provincias
941 1723 1078 1767 datae
1108 1738 1165 1768 ex
1196 1720 1515 1769 commissione
1553 1727 1607 1770 P'.
1643 1719 1806 1779 Nadal‚

161 1812 266 1845 cum
301 1799 460 1850 vicarii
496 1799 725 1857 generalis
761 1799 911 1844 officio
955 1801 1227 1858 fungeretur
1262 1816 1345 1859 pro
1382 1803 1431 1847 S.
1472 1804 1510 1847 F
1512 1802 1717 1847 rancisco
1754 1804 1811 1846 de

163 1878 316 1935 Borja,
343 1877 421 1934 qui
443 1877 575 1922 annis
603 1888 859 1933 1571—1572
888 1877 936 1921 in
958 1877 1227 1935 Hispaniam
1253 1881 1490 1937 profectus
1518 1881 1691 1925 fuerat.
1710 1882 1812 1924 Illas

163 1962 315 2000 autem
344 1955 390 1999 in
417 1957 504 1999 hac
531 1955 648 2000 serie
675 1970 767 1999 non
795 1955 1094 2000 includendas
1126 1956 1363 2012 duximus,
1397 1956 1555 2015 paucis
1591 1952 1810 2016 excepti&

164 2044 282 2090 quae
302 2034 361 2078 ad
382 2033 532 2078 Patris
548 2033 697 2079 Nadal
715 2039 846 2090 gesta
867 2033 1053 2090 propius
1075 2034 1337 2092 pertingere
1359 2035 1646 2080 videbantur.

167 2164 170 2166 .
253 2095 455 2156 Litterae
471 2125 605 2168 porro
621 2111 679 2159 ab
696 2110 795 2168 ipso
811 2111 870 2154 ad
885 2110 997 2155 alios
1012 2111 1161 2165 datae,
1181 2126 1208 2156 a
1223 2112 1356 2157 nobis
1372 2114 1593 2168 edendae,
1612 2115 1788 2171 plerum

164 2204 256 2247 que
271 2197 386 2233 sunt
412 2189 669 2246 originales
697 2203 779 2232 seu
808 2188 1088 2246 arclzetypae‚
1115 2189 1306 2245 scilicet,
1338 2206 1455 2248 quae
1477 2192 1535 2235 ab
1563 2206 1814 2236 amanuen-

165 2267 293 2320 sibus
314 2275 542 2321 exaratae,
568 2274 614 2311 et
635 2267 692 2315 ab
715 2274 902 2311 auctore
923 2266 1222 2324 subsignatae
1243 2269 1446 2313 fuerunt.
1467 2270 1642 2314 Multae
1663 2277 1814 2314 tamen

166 2344 470 2402 reperiuntur,
501 2345 559 2389 ab
587 2343 686 2402 ipso
711 2346 764 2388 P.
791 2344 939 2389 Nadal
968 2351 1091 2389 totae
1119 2346 1429 2403 conscriptae,
1455 2362 1569 2404 quas
1591 2351 1814 2406 autogra-

162 2422 296 2480 phas,
317 2437 444 2466 more
459 2422 555 2478 jam
582 2421 886 2466 communiter
907 2423 1108 2480 recepto,
1134 2424 1364 2481 appellare
1385 2424 1571 2481 placuit.

257 2500 302 2556 b)
363 2499 578 2557 Epistolis
617 2499 765 2544 Patris
802 2501 949 2545 Nadal
982 2501 1150 2558 plures
1178 2501 1294 2546 aliae
1335 2501 1616 2559 inseruntur,
1657 2502 1754 2547 sive
1791 2518 1817 2546 a

170 2579 267 2622 ΡΡ.
293 2577 601 2635 generalibus,
626 2592 709 2621 seu
730 2578 788 2622 ab
809 2577 907 2622 aliis
929 2579 990 2622 ad
1010 2580 1161 2636 ipsum
1176 2580 1328 2634 datae,
1352 2594 1469 2636 quae
1491 2581 1548 2625 ad
1570 2580 1817 2638 pleniorem

170 2666 322 2700 rerum
342 2654 391 2698 in
406 2654 494 2699 illis
510 2654 782 2712 scriptarum
798 2655 1148 2714 intelligentiam
1165 2658 1374 2702 conferre
1390 2654 1619 2703 videntur.
1641 2660 1817 2702 Harum

171 2747 280 2786 vero
302 2732 594 2791 epistolarum
615 2748 709 2777 non
730 2734 888 2778 eadem
911 2734 1026 2780 ratio
1047 2742 1132 2790 est;
1158 2750 1279 2790 nam,
1306 2750 1425 2793 quae
1445 2737 1503 2781 ad
1530 2736 1678 2794 ipsum
1707 2736 1820 2780 scri-

172 2821 303 2868 psere
326 2812 421 2855 PP.
447 2812 702 2868 generales,
727 2826 783 2856 ex
806 2812 1000 2870 regestis
1021 2813 1290 2871 plerumque
1318 2814 1587 2872 desumptae
1616 2814 1816 2867 fuerunt,

173 2967 311 3000 mense
328 2954 514 2994 Octobris
532 2956 625 2992 anni
644 2964 734 3002 1557
752 2955 857 3004 data,
877 2957 946 2993 ubi
962 2958 1060 2994 haee
1076 2957 1205 2994 facete
1228 2958 1380 2995 scribit:
1401 2958 1596 2994 «Nuestro
1614 2958 1657 2994 P.
1679 2957 1824 2994 vicario

173 3015 302 3052 Scriue
320 3016 437 3052 sobre
455 3016 532 3052 ello
549 3018 571 3051 a
589 3011 638 3051 V.
660 3015 701 3051 S.
721 3027 796 3052 con
814 3021 880 3053 tan
898 3018 1050 3054 buenos
1068 3023 1288 3055 caracteres
1307 3029 1420 3054 como
1438 3030 1510 3054 son
1528 3019 1585 3054 los
1604 3017 1666 3053 del
1685 3018 1729 3053 P.
1750 3017 1825 3053 Na-

173 3075 252 3121 dal,
269 3076 483 3123 cuyaletra
499 3075 566 3111 fue
586 3076 622 3111 la
639 3076 809 3123 primera
824 3088 917 3114 cosa
935 3079 1011 3114 mal
1030 3079 1128 3114 echa
1144 3090 1222 3127 que
1240 3078 1290 3114 V.
1312 3078 1355 3114 S.
1373 3079 1423 3114 ha
1447 3078 1551 3114 visto
1576 3090 1625 3114 en
1650 3079 1686 3113 la
1712 3077 1827 3114 Com-

176 3137 328 3183 pafiia.»
349 3136 395 3172 In
411 3140 571 3182 regesto
588 3135 665 3172 litt.
682 3136 918 3174 Germaniae
935 3143 976 3174 et
994 3138 1162 3185 Galliae,
1187 3146 1405 3185 1550-1559‚
1425 3137 1492 3174 fol.
1513 3138 1591 3184 143.

323 3208 438 3237 Emsr.
453 3207 490 3237 P.
511 3207 649 3244 ΝΑοΑι,
672 3215 749 3238 rou.
765 3187 796 3238 '1.
1594 3219 1614 3239 n
