2066 3490
10 3107 11 3111 „
0 2858 12 3073 wvvvwm

859 319 874 346 1
881 318 986 356 507-1
993 310 1063 356 560
1739 321 1785 361 27

135 413 259 458 uirtu
287 414 523 471 segnalate
558 413 634 456 del
660 414 714 456 P.
757 411 1026 458 Hieronimo
1054 413 1235 467 Natale3
1276 428 1351 458 ma
1386 427 1477 457 non
1516 413 1577 456 mi
1615 414 1786 459 ueniua

133 505 295 535 manco
316 490 364 534 in
384 489 594 548 pensiero
615 489 662 533 di
685 490 797 533 farlo
819 489 886 542 io,
910 490 1079 546 perche
1101 504 1195 533 non
1216 491 1277 533 ho
1298 491 1358 533 ne
1379 490 1555 547 lingua,
1581 492 1640 535 ne
1661 491 1782 544 stile,

133 576 181 612 et
215 582 297 626 per
333 569 497 611 alcune
524 568 638 611 altre
663 581 823 620 cause,
855 582 930 610 ma
958 567 1285 624 specialmente
1312 582 1395 624 per
1423 568 1710 624 conoscermi
1737 569 1786 612 di

133 648 336 690 haueme
357 651 520 688 cauato
543 645 638 688 cosi
659 659 774 702 poco
797 644 939 688 frutto
960 644 1008 687 in
1029 645 1196 702 cinque
1217 644 1347 700 anni,
1373 646 1459 690 che
1487 646 1594 689 nell'
1625 645 1786 693 ultime

130 724 222 767 due
241 722 392 777 visite,
417 725 503 766 che
523 722 617 780 egli
638 723 738 767 fece
758 723 878 767 della
899 722 1202 779 Compagnia‚
1226 723 1259 766 l’
1284 723 1629 780 accompagnai,
1649 716 1736 785 per
1752 724 1786 767 il

130 802 218 845 che
237 814 496 844 conosceuo
517 807 644 844 certo
670 815 767 844 non
794 814 926 857 saper
948 802 1007 844 ne
1041 802 1053 822 ¹
1083 801 1261 858 parlare
1282 802 1342 844 ne
1369 800 1572 848 scriuere
1606 801 1781 859 degna-

132 885 286 922 mente
311 877 417 922 delli
444 892 561 935 gran
588 877 697 922 doni
723 879 810 922 che
837 877 931 935 egli
961 878 1163 922 riceuete
1190 879 1249 922 da
1275 878 1366 922 Dio
1394 880 1563 923 Nostro
1586 878 1786 939 Signore

131 970 212 1013 per
233 970 390 999 mezzo
411 956 530 999 della
551 956 695 1012 lunga
715 970 741 999 e
762 955 1032 1012 particolare
1059 955 1342 1009 istruttione‚
1368 955 1562 1012 prattica
1588 963 1635 1005 et
1663 956 1784 1002 indi-

131 1033 254 1077 rizzo
275 1034 362 1077 che
382 1032 475 1090 egli
497 1033 614 1077 ebbe
636 1033 756 1076 nelle
778 1047 885 1077 cose
905 1033 1012 1077 dell’
1043 1033 1271 1093 eratione,
1296 1033 1345 1076 in
1373 1033 1524 1089 quelle
1552 1034 1660 1080 deu’
1683 1033 1781 1078 isti-

132 1102 234 1155 tuto
255 1126 281 1155 e
302 1111 376 1154 del
398 1124 607 1168 gouerno
629 1111 736 1154 dell’
760 1111 923 1155 istessa
943 1111 1246 1168 Compagnia,
1271 1112 1392 1155 dalla
1412 1118 1545 1155 santa
1565 1111 1786 1157 memoria

131 1189 206 1231 del
227 1189 474 1232 benedetto
495 1195 651 1231 nostro
674 1190 728 1232 P.
755 1188 950 1246 Ignatio.
1313 1172 1317 1177 .

222 1277 264 1309 2.
330 1268 368 1310 E
389 1280 480 1309 con
502 1272 623 1309 tutto
644 1265 738 1319 cio,
770 1267 829 1309 da
856 1267 887 1308 1’
911 1267 1027 1310 altra
1053 1267 1227 1322 banda,
1256 1267 1534 1314 hauendomi
1561 1268 1689 1312 detto
1718 1282 1782 1311 un

131 1345 214 1387 P.e
239 1344 380 1387 molto
403 1343 662 1400 prencipale
683 1344 802 1387 della
824 1343 1128 1401 Compagnia,
1148 1343 1434 1393 sentendomi
1457 1343 1723 1391 raccontare
1738 1345 1785 1389 la

132 1420 373 1465 uocatione
403 1421 449 1463 di
485 1421 612 1465 detto
642 1423 695 1465 Ρ.
730 1422 914 1475 Natale,
945 1422 1079 1478 quale
1106 1436 1194 1471 con
1221 1423 1335 1469 altre
1363 1437 1470 1467 cose
1497 1423 1783 1479 apartenenti

129 1499 219 1542 alla
239 1498 526 1556 Compagnia
546 1501 607 1543 ho
627 1498 775 1543 inteso
802 1499 850 1542 in
877 1499 1046 1544 diuersi
1074 1499 1214 1558 tempi
1240 1501 1300 1544 da
1325 1500 1390 1544 lui
1411 1515 1783 1558 accompagnan-

131 1576 255 1629 dolo,
279 1577 365 1620 che
386 1591 445 1620 ne
465 1577 509 1620 16
529 1591 636 1620 cose
656 1578 731 1620 ch¹
755 1576 799 1620 io
821 1585 1099 1621 raccontauo
1121 1577 1168 1621 ui
1196 1593 1336 1635 erano
1357 1577 1411 1635 dir
1432 1579 1582 1635 quelle
1610 1578 1782 1625 tocanti

132 1655 176 1697 al
203 1655 320 1698 bene
347 1661 395 1697 et
422 1653 734 1698 consolatione
760 1669 1005 1699 commune
1030 1656 1149 1699 della
1177 1655 1486 1713 Compagnia,
1518 1657 1637 1701 delle
1658 1655 1783 1712 quali

130 1732 294 1775 alcune
330 1746 420 1775 non
450 1731 488 1774 si
516 1746 682 1785 sanno,
723 1733 837 1777 altre
864 1734 950 1776 che
986 1732 1248 1790 pochissimi
1266 1735 1319 1795 ¹le
1350 1748 1517 1786 sanno,
1549 1741 1782 1777 essortan-

130 1797 255 1852 dorni
291 1824 319 1852 a
345 1808 584 1862 scriuerle3
616 1811 676 1853 ho
703 1817 895 1867 pensato
922 1812 1024 1863 che,
1055 1793 1232 1854 ancora¹
1254 1813 1340 1855 che
1367 1812 1410 1855 la
1436 1811 1658 1855 relatione
1684 1826 1780 1855 non

132 1885 271 1929 arriui
298 1886 344 1929 di
372 1887 515 1944 lunga
542 1903 569 1932 a
596 1887 797 1944 scoprire
823 1887 947 1932 uirtu
975 1903 1001 1932 e
1028 1888 1176 1932 meriti
1203 1888 1250 1931 di
1279 1890 1386 1944 quel
1414 1891 1519 1942 Re,
1550 1888 1707 1933 niente
1734 1888 1780 1931 di

131 1978 266 2007 meno
286 1963 319 2007 il
341 1965 455 2008 farlo
478 1979 571 2008 non
591 1968 724 2022 potra
744 1980 925 2010 nocere.
949 1967 1006 2009 Et
1022 1965 1069 2009 di
1084 1965 1164 2023 piu
1186 1965 1247 2009 mi
1265 1966 1429 2024 spinge
1446 1967 1489 2010 al
1506 1967 1602 2011 fare
1618 1973 1784 2023 questa

131 2034 346 2091 semplice
367 2035 626 2081 narratione
647 2036 679 2080 il
699 2036 990 2081 considerare
1011 2039 1097 2082 che
1113 2040 1244 2094 potra
1266 2052 1419 2082 essere
1442 2038 1499 2082 ad
1522 2037 1623 2082 altri
1645 2051 1782 2081 occa-—

126 2238 250 2275 fuisse
266 2239 402 2285 refert3
420 2252 520 2287 quae
533 2240 693 2287 quidem
710 2241 923 2276 secundam
937 2241 1062 2278 veluti
1079 2248 1231 2289 partem
1244 2241 1361 2289 hujus
1378 2241 1676 2279 Commentarii
1689 2252 1779 2278 con-

128 2298 309 2335 stituunt.
330 2300 385 2335 Ea
402 2311 497 2335 vero
521 2305 632 2347 sunt,
656 2312 758 2348 quae
781 2302 831 2336 ab
855 2312 959 2336 anno
985 2301 1098 2348 1560,
1122 2302 1172 2338 ad
1199 2301 1290 2347 1562
1313 2308 1546 2339 evenerunt.
1573 2302 1701 2348 Igitur
1724 2302 1779 2337 nil

128 2358 268 2394 mirum
286 2358 319 2394 si
337 2359 467 2406 aliqua
484 2372 534 2395 ex
551 2360 643 2407 illis,
661 2372 762 2408 quae
780 2367 868 2408 post
885 2367 966 2397 tam
985 2362 1144 2407 longum
1158 2361 1348 2409 temporis
1366 2362 1538 2409 spatium
1551 2361 1781 2403 memoriter

127 2417 285 2466 scripsit
302 2419 347 2454 Ρ.
367 2419 562 2467 Jimenez,
580 2432 671 2456 cum
688 2420 751 2466 iis;
771 2418 871 2468 q'uae
886 2421 1010 2457 Nadal
1025 2411 1066 2457 in
1083 2420 1283 2458 Chronico
1298 2421 1403 2458 vitae
1417 2433 1511 2458 suae
1530 2427 1700 2469 enarrat,
1719 2421 1777 2456 in-

128 2478 283 2514 terdum
299 2489 376 2514 non
394 2480 552 2515 omnino
569 2481 818 2516 cohaereant.

198 2537 481 2576 Animadverte
498 2546 717 2588 praeterea,
736 2546 859 2577 totam
876 2542 978 2576 hanc
995 2540 1123 2577 Patris
1135 2541 1321 2588 ‚Jimenez
1339 2541 1573 2589 scripturam
1599 2541 1780 2588 pluribus

128 2598 484 2647 emendationibus,
503 2605 587 2636 tum
604 2602 655 2636 ab
673 2600 772 2648 ipso,
791 2607 875 2637 tum
892 2603 942 2637 ab
960 2601 1051 2648 alio,
1069 2601 1183 2638 nobis
1201 2601 1361 2650 quidem
1386 2601 1544 2647 ignoto,
1563 2600 1688 2636 fuisse
1714 2611 1776 2635 ca—

125 2657 325 2705 stigatam,
343 2671 440 2706 quas
465 2665 597 2695 tamen
614 2660 678 2696 hic
701 2667 890 2697 annotare
908 2673 1245 2708 supervacaneum
1263 2673 1423 2709 prorsus
1447 2660 1777 2697 existimavimus.

197 2717 438 2754 Mentionem
454 2718 550 2756 fecit
566 2720 682 2766 hujus
703 2720 1000 2757 Commentarii
1022 2722 1066 2756 P.
1092 2722 1259 2768 PINIUS,
1284 2722 1387 2757 Acta
1411 2721 1619 2761 sanctor„
1646 2725 1675 2754 t.
1701 2719 1776 2754 VII

125 2776 235 2824 Julii,
256 2776 478 2814 Comment.
492 2782 653 2826 prae-v„
673 2792 712 2816 n.
732 2788 817 2826 7703
837 2780 906 2816 ubi
919 2786 1070 2828 partem
1088 2781 1321 2828 paragraphi
1339 2782 1413 2817 sub
1431 2793 1471 2829 n.
1494 2789 1536 2824 17
1554 2779 1706 2827 positae
1723 2780 1779 2815 la—

123 2835 207 2872 tine
237 2837 457 2884 transtulit,
487 2838 607 2874 tacito
637 2844 771 2876 tamen
800 2840 963 2876 nomine·
988 2840 1158 2876 auctoris
1170 2869 1180 2887 ,
1209 2853 1328 2889 quem
1351 2840 1603 2877 nihilominus
1625 2837 1776 2882 socium

125 2896 203 2931 P.is
226 2896 366 2943 Nadal,
384 2898 551 2944 collegia
567 2898 781 2946 visitantis,
798 2899 923 2936 fuisse
940 2907 1233 2937 commemorat.

196 2956 427 3002 Cognomen
451 2958 696 3006 hispanicum
713 2960 912 3007 simma,
940 2961 1156 3008 antiquitus
1182 2962 1389 3003 Ximenez,
1410 2962 1472 2996 vel
1491 2961 1611 2996 etiam
1641 2959 1777 2995 Gime·

125 3028 210 3059 nez,
225 3027 248 3051 a
260 3017 374 3056 nobis
388 3030 495 3054 more
512 3019 664 3055 recenti
681 3019 879 3056 scribitur.
896 3021 941 3056 In
955 3020 1203 3057 documentis
1217 3031 1326 3067 vero,
1341 3031 1438 3067 quos
1452 3018 1619 3066 edimus,
1638 3019 1776 3066 Χίων

125 3087 210 3117 nez,
230 3081 273 3112 ut
290 3076 331 3112 in
349 3076 445 3124 ipsis
462 3078 671 3126 reperitur,
690 3079 912 3115 scribimus.

200 3138 210 3158 ¹
262 3137 352 3183 Ms.,
370 3138 436 3174 che
454 3150 535 3174 non
551 3142 739 3186 saperne;
755 3139 823 3176 ubi
841 3140 1092 3188 perspicuum
1111 3146 1173 3176 est
1198 3141 1295 3177 illud
1312 3142 1378 3177 che
1404 3140 1643 3188 superfluum
1667 3151 1774 3176 esse.
