2020 3464
790 309 832 337 12
859 301 971 348 JuNn
1000 301 1091 346 1562
1688 295 1759 345 713

113 406 291 463 aquella
311 405 437 450 obra.
463 406 536 450 No
557 419 607 449 se
627 405 818 450 offresce
838 410 940 448 otro
968 418 1057 460 que
1088 402 1250 447 scriuir
1276 406 1303 447 a
1325 403 1382 447 V.
1409 403 1464 446 R.
1491 403 1558 446 En
1595 387 1663 446 los
1686 417 1760 447 sa-

114 483 309 528 crificios
330 483 387 528 de
408 484 467 527 V.
494 485 547 527 R.
574 482 680 540 pido
701 497 774 526 ser
795 482 1154 527 encomendado.

203 563 275 606 De
296 562 474 615 Ocafia‚
506 573 556 605 12
579 561 637 604 de
652 559 792 619 Junio
821 560 949 615 1562.

202 638 355 683 Todos
375 639 443 682 los
464 637 838 682 inconvenientes
859 637 1009 682 arriba
1040 636 1203 680 dichos
1224 650 1422 693 propuse
1449 640 1476 680 a
1498 635 1754 693 Marquina,

113 731 144 773 y
165 720 192 760 a
213 716 347 760 todos
368 720 496 760 zerro
518 716 561 759 13
587 722 766 772 puerta,
791 715 1000 759 diziendo
1021 729 1110 771 que
1131 715 1175 757 13
1205 715 1458 770 Compafiia
1477 727 1537 757 no
1569 717 1671 757 avia
1702 714 1760 757 de

114 801 243 838 tener
263 800 373 837 voto
395 793 442 837 ni
463 807 649 851 parezer
666 809 723 838 en
745 794 788 836 13
805 794 915 837 obra
936 793 994 836 de
1010 792 1144 848 aquel
1160 790 1371 848 collegio.
1392 791 1511 835 Creo
1533 793 1591 836 ha
1611 791 1669 836 de
1686 805 1759 835 ser

113 873 280 916 mucho
309 886 417 928 para
447 870 670 916 exercitat
698 875 724 914 a
761 871 892 914 todos
920 885 977 915 en
1005 871 1049 913 13
1076 867 1316 926 pacientia.
1352 869 1537 913 Sirvase
1563 875 1754 913 nuestro

113 949 261 996 Sefior
281 963 370 993 con
392 949 514 992 todo.
541 949 708 992 Amen.

263 1025 265 1027 ’
647 1027 718 1070 De
739 1027 797 1070 V.
824 1027 880 1070 R.
906 1025 1055 1069 siervo
1076 1039 1135 1070 en
1156 1026 1297 1082 Xpo.‚

1209 1101 1243 1162 †

920 1162 950 1222 †
982 1164 1380 1208 VALDERRAVANO
1416 1163 1447 1205 ¹.
1483 1160 1514 1220 †

202 1259 350 1303 Manu
370 1260 553 1318 fratris
582 1260 808 1317 Jimenez:
835 1260 902 1303 Lo
938 1258 1082 1315 mejor
1118 1258 1247 1302 deste
1283 1256 1479 1315 negocio
1513 1271 1563 1302 es
1596 1271 1686 1315 que
1719 1271 1745 1301 e

112 1339 194 1382 Dr.
221 1339 372 1382 Araoz
394 1352 443 1381 se
465 1335 726 1398 encarg[u]e
747 1337 821 1381 del
842 1337 900 1382 de
922 1350 1054 1382 ueras
1076 1351 1107 1392 y
1127 1335 1198 1379 sin
1219 1342 1422 1392 respetto
1446 1335 1480 1379 ².

203 1416 448 1472 Inscriptio
470 1416 521 1458 in
544 1418 711 1472 quarta
726 1415 932 1472 pagina:
959 1413 990 1472 †
1011 1415 1111 1472 jhs.
1138 1413 1199 1458 Al
1221 1428 1331 1470 muy
1352 1414 1468 1457 Rdo.
1493 1427 1554 1457 en
1574 1413 1759 1458 Christo

112 1494 276 1546 Padre,
302 1493 345 1538 el
369 1495 422 1537 P.
449 1495 541 1537 M.0
567 1492 730 1546 Nadal‚
765 1490 1027 1535 comissario
1055 1491 1242 1548 general
1264 1491 1322 1535 de
1343 1491 1387 1535 la
1418 1491 1670 1548 Compafiia
1701 1490 1759 1533 de

106 1572 258 1628 Jesl'is.
285 1572 474 1623 Trento,
497 1573 526 1614 ὀ
546 1570 696 1614 donde
717 1568 962 1613 estuuiere.

202 1649 368 1692 Patris
395 1648 590 1691 Polanci
615 1661 759 1691 manu
787 1647 895 1690 haec
922 1647 974 1690 in
1001 1647 1103 1704 ipsa
1131 1649 1299 1703 quarta
1321 1647 1506 1704 pagina
1535 1648 1757 1690 annotata

111 1729 236 1768 sunt:
263 1727 369 1782 Que
398 1726 440 1768 al
469 1727 522 1769 P.
554 1726 637 1769 Dr.
668 1726 819 1769 Araoz
847 1739 897 1768 se
928 1723 1079 1768 scriua
1099 1738 1292 1781 procure
1329 1731 1566 1769 concertat
1586 1731 1702 1778 esto,
1726 1739 1758 1781 y

107 1802 267 1847 siendo
289 1807 386 1846 mas
406 1803 575 1846 blando
594 1803 636 1847 el
657 1805 739 1846 Dr.
765 1804 988 1859 Vergara‚
1013 1817 1102 1858 que
1123 1817 1174 1847 se
1201 1803 1418 1846 acomode
1439 1805 1467 1846 3
1494 1801 1752 1858 Marquina.

200 1881 310 1924 Alia
331 1894 498 1923 manu:
519 1881 592 1924 62.

197 1959 339 2002 Extat
357 1959 509 2016 sigilli
529 1959 792 2016 vestigium.

178 2111 189 2131 ¹
239 2109 435 2156 Excerpta
453 2119 503 2144 ex
520 2107 719 2144 communi
737 2108 919 2144 examine
937 2107 1053 2155 hujus
1071 2108 1214 2144 Patris.
1231 2116 1290 2144 «Ι.
1311 2109 1414 2155 Juan
1431 2108 1482 2144 de
1501 2108 1757 2145 Valderrava—

106 2179 170 2205 no.
188 2178 222 2204 2.
243 2169 448 2215 Quarenta
465 2172 560 2204 anos
578 2180 604 2215 y
623 2167 766 2204 medio.
786 2167 822 2204 3.
842 2169 902 2204 De
921 2167 1100 2214 Castilla,
1115 2168 1164 2204 de
1184 2168 1449 2204 Valladolid...
1465 2168 1514 2204 de
1528 2169 1757 2205 Palencia...

104 2238 142 2275 7.
171 2229 236 2266 Un
253 2230 440 2265 hermano
465 2233 585 2274 teugo
603 2228 729 2275 frayle
746 2228 795 2264 de
815 2229 851 2264 la
875 2228 997 2264 orden
1019 2228 1068 2265 de
1094 2241 1165 2264 san
1182 2228 1398 2273 Bernardo,
1423 2241 1450 2276 y
1469 2240 1546 2264 una
1572 2230 1760 2265 hermana

106 2288 266 2324 casada:
286 2300 338 2325 no
356 2294 476 2335 tengo
500 2293 652 2324 otros...
682 2297 737 2323 10.
765 2288 892 2324 Antes
916 2288 965 2324 de
984 2293 1115 2340 entrar
1139 2301 1189 2325 en
1213 2290 1250 2324 la
1274 2288 1490 2336 Compafiia
1513 2289 1683 2336 siempre
1701 2288 1758 2325 fui

107 2348 354 2384 studiante...
378 2357 433 2393 14.
453 2347 540 2384 Con
556 2347 698 2383 desseo
716 2347 766 2383 de
784 2359 848 2383 ser
864 2347 1051 2394 religioso
1068 2349 1183 2384 hable
1202 2360 1277 2384 con
1295 2349 1331 2384 61
1350 2349 1395 2384 P.
1422 2348 1623 2385 Gonzalez
1640 2361 1667 2396 y
1684 2359 1760 2384 con

108 2418 155 2443 su
171 2411 407 2455 compafiero
423 2419 472 2443 en
491 2407 730 2442 Valladolid:
750 2406 807 2442 fui
825 2407 1010 2443 recebido
1023 2407 1087 2443 del
1106 2408 1150 2443 P.
1168 2408 1295 2443 Araoz
1309 2408 1473 2444 estando
1492 2420 1542 2443 en
1561 2407 1757 2443 Madrid...

108 2476 168 2503 22.
187 2466 269 2515 Soy
287 2467 504 2503 sacerdote.
522 2466 580 2502 23.
602 2468 751 2502 Estube
771 2479 820 2503 en
839 2467 993 2503 Aleala:
1022 2468 1087 2503 alli
1105 2469 1235 2504 serbIa
1252 2468 1301 2503 de
1319 2467 1516 2512 cozinero,
1541 2480 1567 2515 y
1585 2479 1759 2515 compra-

108 2526 192 2572 dor,
211 2539 238 2574 y
255 2527 507 2570 barrendero,
525 2539 552 2574 y
569 2527 851 2574 despensador,
869 2539 896 2574 y
912 2527 1124 2563 refitolero.
1147 2529 1331 2575 Despues
1350 2529 1491 2564 estube
1510 2540 1560 2563 en
1578 2527 1758 2563 Vallado-

106 2586 173 2622 lid:
193 2586 250 2623 fui
268 2586 447 2623 ministro
465 2599 492 2634 y
509 2586 723 2622 confessor:
743 2586 914 2634 despues
932 2586 989 2622 fui
1006 2592 1135 2623 rector
1152 2599 1179 2634 y
1192 2587 1388 2624 confesor:
1405 2588 1524 2623 ahora
1542 2599 1591 2623 en
1608 2588 1758 2623 Monte-

107 2658 179 2693 rey
197 2652 310 2694 estoy
334 2657 405 2694 por
421 2651 564 2693 rector,
588 2658 615 2693 y
632 2647 690 2682 los
709 2651 814 2682 otros
839 2646 1050 2682 exercitios
1072 2646 1369 2694 spirituales...»
1394 2649 1453 2683 Ex
1481 2646 1576 2683 Cod.
1604 2648 1662 2692 16,
1686 2648 1758 2695 III,

108 2705 282 2752 501-503·

176 2769 190 2788 ²
241 2766 314 2802 His
329 2765 461 2802 verbis
479 2766 704 2802 summatim
721 2765 884 2802 indicari
902 2766 1059 2802 videtur
1075 2767 1279 2814 responsio
1296 2767 1387 2804 huic
1404 2766 1596 2814 epistolae
1610 2767 1756 2811 danda,

104 2837 204 2874 quae
222 2826 340 2862 etiam
358 2837 380 2862 a
397 2826 566 2862 Polanco
585 2826 624 2861 in
637 2831 774 2874 quarta
791 2826 934 2874 pagina
949 2826 1035 2862 aliis
1055 2826 1187 2864 verbis
1206 2832 1392 2864 annotata
1412 2832 1486 2863 est.
