2008 3490
268 254 338 308 498
837 256 976 300 Emsr.
1003 254 1047 297 P.
1075 255 1348 309 mou—137

295 356 298 357 ⁷
361 366 428 409 18.
493 366 616 421 Aqui
639 379 687 409 56
709 367 801 409 han
823 365 1034 410 recebido
1055 365 1206 409 buena
1227 364 1475 422 quantidad
1504 364 1562 409 de
1589 360 1794 422 s'ugetos,
1826 379 1855 422 9
1882 365 1914 408 ό

264 441 379 495 diez,
405 442 600 498 despues
622 457 711 498 que
732 449 862 500 estoy
882 458 941 487 en
961 450 1058 486 este
1079 441 1289 498 collegio,
1314 457 1344 499 y
1365 436 1556 486 muchos
1573 443 1696 485 otros
1711 438 1924 499 piden‘la'

264 520 531 576 Compania,
558 534 647 575 que
668 524 695 563 a
715 534 771 564 su
793 517 975 577 tiempo,
1001 519 1120 563 vista
1139 519 1183 563 13
1204 516 1564 577 perseuerancia,
1584 534 1634 564 se
1655 518 1903 563 reeebiran.

359 609 426 654 19.
491 597 546 639 El
569 599 623 641 Ρ·.
650 598 868 641 Andrada
893 599 923 650 ¹,
950 611 1039 653 que
1060 597 1162 653 leya
1183 611 1241 640 en
1262 597 1306 640 la
1327 591 1536 654 segunda
1557 598 1717 650 classe,
1737 596 1779 640 al
1801 596 1924 652 qual*

261 689 320 730 yo
342 681 501 718 estaua
522 689 631 731 para
659 674 928 731 despedirle‚
960 674 1150 730 preuino
1171 689 1201 730 y
1222 688 1272 718 se
1296 674 1395 717 fue:
1420 688 1478 730 yo
1499 673 1600 718 hize
1622 674 1907 718 demonstra-

260 751 379 804 eien,
405 766 435 807 y
455 752 496 795 le
518 751 667 795 embie
688 756 714 795 a
736 753 902 795 busear
922 766 1009 795 eon
1030 750 1289 807 diligencia,
1314 764 1344 807 y
1364 765 1425 794 no
1446 765 1496 795 se
1518 751 1655 804 hallo,
1674 751 1733 796 de
1753 764 1842 806 que
1858 765 1908 795 se

261 828 507 872 edificaron
529 844 558 885 y
580 830 848 873 consolaron
870 830 938 873 los
959 834 1171 872 nuestros
1198 830 1388 872 mueho:
1421 831 1575 872 auiase
1602 829 1692 885 ydo
1720 843 1779 885 ya
1809 834 1910 871 otra

263 921 363 949 uez.

352 996 424 1027 20.
490 983 713 1027 Tambien
748 983 851 1028 hize
887 998 1095 1040 comprar
1129 990 1297 1039 veynte
1333 997 1364 1039 y
1402 989 1551 1026 tantas
1593 982 1756 1039 tinajas
1797 997 1908 1040 muy

263 1061 461 1117 grandes
483 1076 591 1118 para
614 1068 741 1106 tener
764 1075 901 1118 agua,
926 1075 1100 1117 porque
1120 1075 1170 1104 se
1191 1074 1393 1117 proueen
1409 1060 1483 1103 del
1499 1063 1583 1115 rio,
1602 1075 1633 1117 y
1647 1074 1698 1103 es
1714 1067 1811 1105 este
1828 1074 1906 1103 co-

262 1137 400 1194 llegio
422 1153 480 1182 en
502 1139 545 1182 lo
567 1143 664 1181 mas
685 1138 778 1181 alto
798 1138 855 1181 de
877 1138 921 1182 13
942 1130 1123 1191 ciudad;
1148 1153 1178 1194 y
1200 1151 1287 1180 con
1310 1152 1418 1181 auer
1445 1136 1595 1181 ciento
1622 1152 1652 1194 y
1673 1143 1851 1181 setenta
1877 1140 1905 1180 ό

259 1219 355 1259 mas
377 1230 594 1271 personas
616 1230 704 1259 eon
726 1230 896 1272 moeos,
922 1221 1031 1267 etc.,
1055 1221 1246 1258 estauan
1268 1229 1355 1258 con
1377 1221 1470 1259 tres
1492 1213 1656 1271 tinajas
1676 1215 1810 1258 solas.

350 1305 374 1335 2
385 1306 401 1336 Ι
413 1328 422 1336 .
489 1294 647 1337 Hanse
669 1292 908 1349 prohibido
931 1308 960 1348 y
977 1291 1215 1348 quitadose
1230 1292 1299 1335 los
1309 1291 1491 1348 juyzios
1506 1306 1536 1348 y
1552 1291 1757 1348 disputas
1773 1292 1906 1335 sobre

259 1370 326 1413 las
348 1370 516 1427 reglas,
542 1377 631 1414 ete.

333 1479 343 1499 ¹
395 1477 439 1512 P.
461 1477 658 1513 Antonius
684 1476 883 1512 Andrade.
910 1476 976 1512 Sic
1000 1476 1106 1512 enim
1124 1476 1309 1512 scribitur
1332 1476 1373 1512 in
1396 1477 1577 1523 catalogo
1602 1475 1812 1521 sociorum,
1839 1476 1906 1524 qui

259 1536 370 1572 initio
389 1537 479 1572 anni
502 1538 588 1581 1561
610 1529 750 1572 mutati
766 1536 937 1583 fuerant,
958 1537 1021 1572 vel
1040 1541 1221 1572 recenter
1245 1547 1385 1571 munus
1404 1535 1580 1572 obibant.
1601 1537 1660 1571 En
1683 1528 1923 1582 catalogum⁵

257 1607 307 1630 ex
333 1595 428 1631 Litt.
460 1596 667 1641 quadrim.
696 1595 844 1631 mensis
870 1595 1061 1643 Januarii,
1088 1607 1110 1630 a
1135 1594 1255 1631 fratre
1282 1595 1480 1630 Monclaro
1506 1595 1678 1642 scriptis,
1706 1595 1747 1631 in
1776 1595 1910 1631 Lusit.
1941 1619 1946 1627 .

259 1656 390 1702 Epist.
410 1655 632 1702 1561-1563.
653 1656 724 1698 IL,
745 1654 813 1690 fol.
832 1654 892 1700 48.

569 1776 684 1811 «Hoc
709 1775 801 1811 noui
827 1781 888 1811 est
914 1775 963 1811 de
988 1773 1175 1811 fratribus
1201 1775 1406 1823 vtriusque
1431 1775 1604 1822 collegii.

698 1866 894 1914 Magistri
918 1863 1069 1901 mutati
1094 1868 1167 1901 aut
1192 1866 1323 1902 denuo
1340 1865 1464 1913 facti.

330 1956 374 1992 P.
395 1956 591 1992 Antonius
608 1955 656 1992 d’.
669 1955 867 1998 Andrade,
887 1956 927 1991 in
946 1963 1005 1991 2.0
1079 1956 1086 2023 Ι
1120 1955 1299 1991 Andreas
1317 1955 1598 2002 Gondisaluus,
1618 1956 1659 1992 in
1676 1964 1736 2002 7.0

332 2016 484 2063 Gaspar
501 2017 638 2063 Plano,
658 2016 698 2052 in
716 2015 774 2051 3.0
1119 2016 1163 2050 P.
1184 2014 1380 2061 Sigueira,
1400 2015 1440 2051 in
1458 2015 1517 2051 8.0

331 2066 376 2111 P.
397 2076 538 2120 Varea,
557 2075 598 2111 in
615 2083 676 2121 40
1119 2075 1256 2110 Frater
1274 2076 1393 2120 Faua,
1413 2075 1454 2110 in
1472 2083 1531 2121 9.0

330 2135 375 2170 P.
395 2134 583 2179 Cabrera,
602 2134 643 2171 in
662 2142 723 2180 5.0

330 2194 472 2229 Petrus
491 2194 600 2240 Luis,
626 2193 666 2246 in
683 2193 743 2228 6.0

1119 2135 1269 2171 Duarte
1286 2134 1526 2183 Rodriguez,
1544 2135 1585 2171 in
1607 2143 1687 2171 10.0

1118 2193 1304 2229 Nicolaus
1323 2193 1505 2237 Gracida,
1525 2194 1566 2229 in
1584 2194 1709 2241 primo
1726 2205 1857 2230 cursu.

777 2283 862 2328 Qui
886 2285 980 2318 vota
1000 2282 1159 2330 publice
1176 2282 1383 2330 fecerunt.

1115 2373 1289 2419 Joannes
1308 2372 1552 2409 Brandanus.

1115 2430 1338 2478 Stephanus
1357 2431 1485 2467 Dinis.

1114 2490 1372 2527 Sebastianus
1386 2490 1590 2527 Barradas.

328 2374 476 2409 Doctor
493 2374 665 2420 Jacobus
680 2372 898 2409 Cisneirus.

328 2433 536 2467 Marcellus
554 2432 739 2467 Beliarte.

328 2492 500 2538 Jacobus
519 2491 558 2526 d’
578 2490 778 2527 Andrade.

891 2580 1008 2617 Facti
1029 2581 1267 2617 sacerdotes.

324 2671 533 2707 Bastianus
553 2670 807 2715 Gondisalus,
827 2675 868 2706 et
885 2669 1119 2706 Franciscus
1137 2670 1327 2706 Botelius.
1344 2678 1381 2705 2.

987 2761 1163 2808 Recepti.

324 2851 518 2888 Lodoi'cus
538 2851 723 2897 Aluarez‚
742 2850 1049 2897 Christophorus
1068 2849 1247 2896 Crastus,
1265 2849 1382 2884 ambo
1401 2847 1593 2885 Lusitani.

398 2941 576 2977 Aliunde
601 2942 813 2982 venerunt,
835 2942 1003 2987 peracta
1025 2919 1278 2986 probatione,
1306 2941 1343 2974 et
1369 2939 1471 2974 votis
1495 2939 1629 2981 editis,
1656 2940 1751 2975 duo.

324 3030 518 3066 Antonius
538 3030 715 3075 Crastus‚
735 3029 950 3075 lusitanus‚-
963 3039 1013 3064 ex
1027 3027 1206 3064 Castilia.

323 3089 626 3139 Christophorus
643 3089 855 3133 Cardosus,
872 3100 921 3124 ex
934 3087 1086 3124 Italia.»
