2046 3510
453 295 642 336 Comcsss
666 305 725 333 AD
750 295 797 335 P.
822 294 976 332 NADAL
1000 301 1089 332 NON
1113 301 1408 332 PER'rmENTEs
1709 302 1749 333 m

281 520 391 558 ALII
415 518 645 559 CODICES
672 519 747 556 AD
773 519 819 556 P.
846 517 1035 555 NADAL
1061 516 1176 556 NON
1201 515 1568 554 PERTINENTES

787 754 973 796 Codex
1003 753 1079 794 19

188 874 388 930 Regesta
408 872 672 915 litterarum
693 870 732 914 S
733 905 742 914 .
763 871 823 914 P.
846 870 1192 928 Ignatii.—Est
1209 867 1420 912 collectio
1438 867 1750 925 epistolarum,

99 965 218 1008 quae
238 952 384 995 Roma
414 949 472 993 ad
499 948 649 994 varias
676 947 920 994 Societatis
948 947 1224 1005 provincias,
1255 946 1431 1001 domOS,
1463 953 1510 990 et
1536 961 1755 1004 personas

99 1028 284 1073 nomine
305 1027 452 1072 sancti
474 1026 642 1085 Ignatii
671 1026 988 1080 mittebantur,
1019 1027 1093 1070 vel
1120 1025 1301 1083 integre
1328 1025 1399 1069 vel
1431 1025 1755 1083 compendiose

100 1113 504 1164 transumptarum.
531 1104 752 1162 Quinque
773 1111 953 1148 constat
973 1103 1300 1148 voluminibus.

192 1185 397 1230 Primum
424 1184 515 1228 vol.
547 1183 596 1227 in
625 1184 702 1237 f.0,
735 1193 819 1239 225
851 1183 900 1227 ff.
926 1182 1136 1240 signatis,
1168 1188 1215 1227 et
1245 1195 1270 1238 3
1293 1196 1388 1226 non
1408 1181 1529 1240 sign.
1555 1188 1751 1227 constat.

104 1244 407 1321 Compactum
428 1269 475 1307 et
497 1264 655 1306 charta
676 1260 885 1307 crassiori
907 1268 1192 1318 coopertum,
1217 1262 1336 1304 hanc
1357 1259 1406 1303 in
1427 1261 1564 1304 dorso
1592 1260 1755 1305 inscri-

104 1341 306 1400 ptionem
328 1341 547 1399 praefert:
577 1339 749 1397 «Epist.
774 1339 944 1383 diuers.
972 1340 1113 1383 Pron.
1140 1326 1252 1395 1547
1280 1337 1287 1398 Ι
1321 1349 1478 1394 1553.»
1504 1339 1557 1382 In
1578 1340 1753 1395 charta,

106 1434 198 1477 qua
218 1418 437 1477 operitur,
468 1420 589 1463 hanc
615 1419 756 1462 habet
782 1415 1142 1474 inscriptionem,
1175 1431 1293 1473 quae
1321 1431 1415 1461 non
1446 1423 1554 1462 ante
1585 1431 1755 1461 annum

111 1498 221 1543 1622
243 1496 413 1554 scripta
429 1496 532 1552 fuit,
553 1503 606 1540 ut
621 1502 747 1554 patet
762 1510 820 1541 ex
835 1495 969 1539 titulo
986 1495 1157 1549 Sancti,
1174 1494 1354 1552 Ignatio
1371 1493 1614 1539 attributo:
1639 1496 1756 1540 «Re-

106 1582 290 1634 gestum
310 1574 566 1620 litterarum
587 1575 637 1620 S.
665 1576 720 1619 P.
745 1573 957 1632 Ignatii.»
989 1574 1043 1617 In
1069 1572 1215 1630 primo
1243 1573 1323 1617 fol.
1355 1588 1451 1617 non
1476 1572 1618 1631 sign.,
1649 1579 1759 1618 sunt
1839 1589 1842 1595 ¹

105 1653 220 1698 varii
241 1652 362 1697 tituli
383 1659 431 1698 et
446 1651 780 1706 annotationeS,
803 1659 901 1695 tum
919 1649 1124 1706 Polanci,
1145 1657 1242 1695 tum
1259 1650 1467 1705 aliorum,
1487 1666 1628 1695 manu
1644 1650 1759 1696 scri-

106 1738 233 1789 ptae,
274 1746 393 1788 quae
423 1738 607 1788 postea,
638 1730 758 1774 linea
785 1745 812 1774 a
845 1744 1025 1774 summo
1061 1730 1274 1774 deorsum
1306 1730 1468 1784 ducta,
1508 1730 1759 1775 cancellata

107 1811 216 1854 sunt
235 1809 284 1852 in
307 1816 498 1865 utraque
521 1807 651 1853 facie.
677 1810 729 1852 In
750 1808 829 1852 fol.
856 1820 899 1863 2,
924 1822 1115 1852 numero
1143 1820 1160 1852 1
1187 1807 1390 1865 signato,
1413 1806 1641 1865 incipiunt
1661 1807 1759 1866 epi-

108 1888 252 1932 stolae
282 1888 372 1931 hoc
401 1886 549 1940 titulo,
583 1885 771 1931 Polanci
801 1900 962 1929 manu:
998 1884 1195 1943 «Copias
1222 1886 1280 1930 de
1306 1886 1444 1930 letras
1472 1900 1500 1929 o
1527 1891 1760 1930 extractos

109 1965 251 2010 dellas
282 1979 390 2022 para
417 1963 424 2024 Ι
451 1963 622 2020 Sicilia,
655 1964 879 2020 Corcega,
911 1962 1054 2017 Italia,
1086 1963 1296 2019 Francia,
1327 1964 1364 2008 F
1366 1963 1525 2008 landes
1552 1961 1559 2022 Ι
1586 1978 1617 2020 y
1646 1963 1752 2008 Ale-

108 2049 260 2098 mafia,
284 2058 316 2100 y
336 2050 459 2087 otras
481 2049 632 2100 partes
661 2042 790 2086 fuera
817 2042 874 2085 de
901 2042 1127 2099 Espafia.»
1160 2041 1345 2099 Incipit:
1380 2042 1646 2096 «Florenza,
1681 2056 1763 2099 per

109 2123 203 2166 M.0
228 2120 397 2166 Lainez
413 2121 472 2166 de
486 2119 985 2165 commissione—Pax
998 2119 1410 2165 Chri.—Riceuete
1424 2121 1483 2165 N.
1503 2121 1587 2164 P.e
1613 2120 1764 2176 quelle

108 2199 154 2242 di
177 2199 330 2259 292del
349 2208 588 2256 passato...
613 2200 687 2243 De
707 2200 866 2252 Roma,
893 2208 917 2254 5
941 2198 998 2243 de
1021 2199 1203 2256 Agosto
1231 2209 1429 2255 1553...»
1463 2197 1637 2244 Ultima
1663 2197 1763 2255 epi-

110 2278 227 2321 stola
254 2277 312 2322 ad
341 2279 395 2322 P.
428 2276 763 2334 Hieronymum
790 2277 1060 2321 Domenech
1086 2275 1166 2332 ita,
1199 2277 1276 2320 fol.
1313 2287 1418 2332 217,
1454 2275 1759 2321 concluditur:

116 2362 296 2399 «nostra
317 2370 552 2412 speranza,
572 2356 660 2399 che
675 2370 772 2399 non
788 2355 1036 2399 manchera
1050 2354 1155 2399 mai.
1175 2355 1248 2399 De
1264 2356 1426 2408 Roma,
1448 2364 1472 2410 5
1492 2355 1550 2398 de
1566 2355 1764 2398 Decem-

109 2433 192 2476 bre
219 2443 375 2489 1553.»
403 2432 575 2478 Ultima
596 2432 704 2477 folia
726 2433 896 2478 218-22
902 2442 925 2487 5
949 2431 1100 2476 varios
1120 2432 1355 2489 catalogos
1378 2438 1424 2476 et
1441 2431 1759 2475 annotationes

114 2510 301 2555 Polanci
322 2525 463 2555 manu
483 2510 675 2568 scriptas
697 2509 948 2554 continent.
974 2510 1242 2566 Sequuntur
1264 2510 1356 2553 duo
1383 2510 1432 2553 ff.
1463 2523 1626 2553 vacua:
1658 2515 1761 2553 tan-

114 2588 347 2632 tummodo
367 2587 416 2632 in
439 2590 502 2632 2.‘
525 2587 640 2633 facie
657 2587 805 2632 ultimi
823 2588 902 2632 fol.
920 2589 1035 2632 haec
1051 2586 1287 2631 annotatio
1303 2593 1388 2632 est:
1412 2585 1645 2641 «Firenze,
1666 2587 1762 2631 Na-

114 2664 222 2722 poli,
248 2666 461 2720 Modena,
487 2665 701 2723 Vinegia,
729 2666 901 2720 Padoa,
928 2665 1202 2722 Morbegno,
1229 2665 1469 2710 Genoua.»

205 2743 470 2788 Secundum
490 2743 576 2787 vol.
594 2743 643 2787 in
657 2744 688 2787 f.
701 2755 745 2797 0,
764 2750 810 2788 et
824 2743 982 2788 eadem
995 2741 1171 2786 ratione
1185 2757 1239 2787 ac
1252 2741 1448 2800 primum
1462 2748 1767 2798 compactum,

116 2831 203 2875 270
218 2821 268 2864 ff.
289 2820 409 2878 sign.
430 2820 662 2865 coalescit.
684 2820 926 2878 Inscriptio
943 2836 970 2864 a
987 2827 1135 2877 tergo:
1157 2819 1328 2877 «Epist.
1359 2819 1366 2879 Ι
1394 2818 1550 2863 Italiae
1576 2818 1583 2878 Ι
1611 2820 1768 2863 Germ.

115 2896 122 2956 Ι
150 2897 343 2955 Hispan.
375 2896 382 2956 Ι
416 2909 526 2954 1353
555 2897 562 2957 Ι
596 2909 753 2954 1554.»
775 2900 827 2942 In
848 2896 1091 2943 recentiori
1112 2899 1286 2951 charta,
1308 2911 1398 2953 qua
1414 2896 1607 2940 interius
1628 2896 1773 2940 codex

116 2974 336 3032 operitur,
359 2977 474 3020 haec
491 2977 634 3020 altera
650 2975 902 3033 inscriptio,
923 2976 1100 3030 eadem,
1121 2981 1173 3019 ut
1188 2974 1386 3029 videtur,
1408 2989 1564 3029 manu,
1584 2975 1666 3018 sed
1681 2988 1774 3017 non

120 3059 213 3096 tam
233 3052 377 3097 nitide
397 3060 597 3108 exarata,
622 3067 676 3097 ac
698 3052 774 3097 illa
790 3052 948 3098 similis
971 3052 1118 3110 posita
1139 3051 1186 3096 in
1209 3034 1427 3110 operculo
1455 3050 1511 3096 1.i
1536 3052 1627 3095 vol.
1657 3052 1772 3095 «Re-

121 3137 303 3186 gestum
331 3128 338 3189 Ι
367 3131 670 3187 Epistolarum
686 3132 877 3175 S.P.N.
911 3130 917 3189 Ι
946 3130 1126 3187 Ignatii.
1158 3129 1164 3188 Ι
1193 3130 1296 3174 Vol.
1317 3144 1369 3173 11.
1401 3128 1408 3187 Ι
1436 3144 1509 3172 an.
1529 3139 1770 3185 1553-54.»
