2020 3464
301 305 372 352 756
931 305 1072 343 Eius-r.
1099 304 1144 342 P.
1171 304 1324 343 NADAL

297 401 477 448 tutione
498 403 715 460 generale
735 402 775 447 si
802 404 984 447 haueua
1011 402 1058 445 di
1086 403 1355 459 prouedere,
1382 405 1480 446 tum
1501 402 1638 446 eiiam
1669 402 1836 460 perche
1870 417 1946 449 es-

295 462 438 506 sendo
474 468 594 506 tutte
630 463 673 506 le
709 476 817 508 cose
852 462 1083 520 pendente
1119 468 1166 505 et
1203 461 1572 516 indeterminate,
1602 476 1696 506 non
1718 464 1780 507 ha
1810 470 1944 508 vsato

296 522 327 564 l’
351 521 548 566 autorita
568 521 615 565 di
636 521 851 580 spingere
871 528 918 566 et
939 522 1155 565 sforzare.

384 582 450 626 Le
472 581 666 625 orationi
687 581 899 638 ordinarij
924 580 971 624 in
993 595 1105 641 casa
1121 594 1235 624 sono
1257 595 1347 625 vna
1367 583 1496 635 hora,
1520 581 1639 625 vltra
1659 581 1703 626 la
1723 595 1873 627 messa
1895 587 1943 627 et

295 639 504 686 examine
525 642 740 698 generale
760 642 880 686 della
895 639 1190 685 conscientia.
1211 641 1344 686 Delle
1357 641 1488 687 litere
1504 647 1551 685 et
1566 641 1702 685 modo
1717 640 1764 684 di
1785 641 1940 698 legere

292 700 339 743 in
361 700 699 746 chiascheduna
720 702 865 746 classe
886 706 1194 744 exattamente
1215 701 1275 744 ha
1296 701 1456 745 scritto
1476 704 1503 744 a
1525 701 1583 745 V.
1609 702 1664 745 R.
1685 702 1733 746 M
1740 712 1779 744 .0
1805 701 1938 745 Han-

294 760 433 827 nibal,
457 767 505 804 et
526 761 648 817 quell
668 761 830 806 ordine
850 760 888 804 si
917 760 1112 803 obserua
1133 760 1311 814 adesso,
1336 760 1384 805 in
1404 767 1576 817 quanto
1597 759 1636 804 si
1662 774 1722 817 po
1752 766 1800 804 et
1825 773 1938 804 con-

298 834 449 864 mene.

385 878 506 924 Delli
528 878 723 923 orationi·
743 878 789 922 di
810 881 869 924 V.
895 881 951 923 R.
976 878 1023 923 di
1053 885 1173 924 tutto
1200 877 1233 921 il
1260 893 1400 924 cuore
1421 878 1484 922 mi
1505 878 1831 933 ricommando,
1862 893 1939 923 ac—

297 938 488 982 chioche
517 939 645 983 Iddio
673 939 734 982 mi
762 939 837 983 dia
864 939 910 982 di
939 938 1108 982 sentire
1135 939 1178 983 la
1214 953 1298 982 sua
1328 946 1487 982 sancta
1518 939 1710 982 uolunta
1740 938 1941 983 sincera-

297 1005 450 1043 mente
471 1004 518 1042 et
539 998 793 1055 adimplirla
813 998 1164 1055 integramente.
1190 999 1358 1044 Amen.

330 1067 332 1069 ’
386 1057 447 1102 Di
467 1058 685 1111 Messina,
711 1058 785 1101 alli
808 1070 866 1112 24
887 1058 934 1101 di
954 1058 1217 1103 Nouembre
1245 1068 1373 1114 1551.

670 1119 729 1161 D.
756 1119 814 1162 V.
841 1119 895 1162 R.
922 1117 1125 1175 indegno
1145 1132 1281 1162 seruo
1302 1117 1351 1161 in
1372 1117 1579 1171 Christ0,

1259 1178 1490 1223 ANTomo
1523 1178 1698 1222 VINCK.

386 1237 428 1280 A
451 1239 595 1295 tergO,
618 1238 765 1294 ipsius
787 1238 847 1280 P.
883 1237 1023 1281 Vinck
1043 1252 1210 1280 manu:
1231 1236 1261 1296 †
1283 1238 1345 1281 Al
1365 1237 1508 1281 molto
1537 1237 1653 1280 Rdo.
1678 1236 1726 1279 in
1754 1236 1942 1281 Christo

295 1296 460 1350 Padre,
485 1295 517 1339 il
538 1298 686 1342 Padre
708 1303 905 1342 maestro
928 1298 1035 1342 Ioan
1057 1296 1103 1340 di
1121 1298 1322 1341 Polanco
1338 1298 1455 1342 della
1473 1295 1759 1354 Compagnia
1774 1296 1822 1340 di
1837 1297 1941 1341 Iesu

296 1356 343 1399 in
365 1358 523 1400 Roma.

382 1416 491 1459 Alia
511 1430 679 1459 manu:
702 1428 759 1471 24
779 1417 900 1474 9‚bre
929 1429 946 1460 1
955 1427 978 1472 5
985 1427 1056 1472 51.

387 1475 691 1533 Obsignaiam
706 1477 864 1535 fuisse
884 1476 1004 1520 hanc
1025 1477 1259 1533 epistolam
1280 1477 1403 1519 clare
1424 1479 1635 1533 apparet;
1657 1475 1807 1533 sigilli
1828 1490 1936 1519 vero

294 1535 475 1578 nullum
496 1540 651 1579 manet
670 1537 936 1594 vestigium.

1100 1664 1163 1706 IV

700 1754 914 1797 PATRIS
961 1754 1160 1798 NADAL
1208 1766 1534 1798 PRUDENTIA

786 1845 835 1875 IN
870 1844 1185 1875 SUBDITORUM
1218 1844 1459 1874 REGIMINE

911 1907 1097 1960 Martio,
1139 1918 1250 1963 1552
1287 1909 1316 1951 ¹.

333 2000 474 2035 Patris
490 1998 701 2035 Benedicti
719 1997 880 2033 Palmii
897 1996 1186 2033 tentationibus
1198 1999 1276 2044 per
1300 1997 1355 2032 P.
1387 1995 1623 2033 Cornelium
1656 1996 1887 2052 Wischaven

700 2057 926 2093 remedium
945 2055 1087 2104 efficax
1099 2056 1290 2104 pro-videt
1307 2056 1358 2092 P.
1378 2054 1530 2092 Nadaz.

380 2138 498 2181 Cum
520 2134 765 2192 collegium
787 2148 1026 2178 romanum
1049 2140 1170 2179 esset
1191 2133 1471 2188 inchoatum,
1502 2141 1663 2191 postea
1689 2134 1830 2180 fiebat
1858 2149 1933 2179 se-

288 2198 378 2243 mel
400 2211 427 2240 a
449 2198 586 2240 Patre
607 2194 773 2239 Natale
794 2193 965 2239 mentio
993 2193 1131 2239 etiam
1159 2193 1342 2251 collegii
1370 2193 1621 2251 germanici
1649 2195 1820 2240 Romae
1851 2209 1932 2239 ex-

288 2255 485 2302 truendi:
511 2269 604 2311 quo
624 2253 796 2306 audito,
822 2268 927 2297 cum
949 2268 1119 2311 magna
1139 2253 1421 2298 exultatione
1438 2252 1553 2297 dixit
1570 2256 1707 2298 Pater
1723 2260 1879 2298 noster
1894 2254 1928 2297 ἐ

290 2316 382 2360 «Ibi
403 2316 550 2360 debeo
571 2328 688 2367 esse3
714 2312 893 2356 animus
914 2327 1045 2358 meus
1067 2327 1123 2358 eo
1143 2313 1281 2357 volat.
1294 2314 1475 2356 »—«Ita
1495 2328 1570 2366 ne,
1595 2312 1743 2369 inquit
1761 2316 1815 2358 P.
1836 2314 1932 2358 Na-

288 2376 407 2430 talis,
432 2382 484 2418 ut
507 2373 643 2418 etiam
664 2372 727 2416 ibi
748 2372 895 2429 possis
917 2372 1056 2416 furari
1079 2371 1304 2416 animas?»
1332 2371 1420 2417 Cui
1444 2375 1581 2418 Pater
1603 2379 1781 2417 noster:
1805 2373 1932 2429 «Ego

288 2435 352 2479 ibi
382 2435 529 2480 debeo
555 2434 725 2477 habere
752 2439 927 2489 partem
954 2447 1103 2477 meam
1117 2446 1157 2486 »3
1187 2446 1305 2487 quae
1326 2446 1463 2488 quam
1484 2446 1593 2476 vera
1614 2439 1744 2477 erant
1774 2433 1929 2476 futura

288 2501 446 2551 postea
467 2492 617 2538 exitus
637 2491 899 2545 declaravit,
925 2491 992 2535 uti
1014 2492 1193 2536 dicetur
1213 2505 1298 2535 suo
1318 2492 1435 2535 loco.

377 2555 535 2611 Quum
559 2554 613 2596 P.
639 2551 814 2596 Natalis
830 2559 1024 2595 vocatus
1041 2558 1163 2596 esset
1179 2553 1387 2604 Romam,
1406 2551 1464 2595 ad
1480 2550 1735 2596 faciendam
1750 2551 1931 2607 profes-

288 2614 479 2666 sionem,
512 2618 745 2667 totamque
773 2610 1019 2655 Messinam
1046 2625 1233 2667 prorsus
1264 2610 1508 2655 relicturus
1540 2617 1677 2663 esset,
1713 2616 1823 2653 tunc
1853 2609 1931 2653 illo

286 2681 492 2730 ternpore
523 2671 571 2715 in
597 2669 747 2715 carnis
775 2669 919 2726 privio
947 2670 1169 2715 inciderat
1199 2669 1247 2712 in
1282 2672 1334 2714 P.
1371 2669 1672 2715 Benedictum
1706 2668 1930 2713 Palmium

286 2732 440 2790 gravis
463 2729 654 2776 tentatio
674 2730 732 2774 de
747 2729 1080 2786 desperatione,
1101 2736 1148 2774 et
1163 2729 1313 2773 cordis
1329 2729 1623 2783 obscuritate3
1644 2736 1690 2774 et
1711 2727 1930 2785 quicquid

285 2793 453 2850 agebat
474 2791 548 2834 vel
569 2789 750 2834 dicebat
774 2791 825 2832 P.
859 2789 1050 2842 Natalis,
1082 2788 1194 2832 nihil
1222 2803 1327 2832 eum
1356 2788 1528 2833 iuvare
1542 2794 1735 2845 poterat,
1766 2788 1848 2833 sed
1880 2801 1930 2831 se

285 2860 382 2895 tum
405 2853 549 2895 Roma
570 2847 820 2894 remedium
842 2848 1026 2904 aliquod
1048 2848 1324 2905 scripturum
1345 2847 1517 2902 aiebat3
1542 2847 1617 2892 cui
1638 2861 1748 2892 vero
1775 2861 1830 2892 eo
1857 2846 1929 2890 in-

287 2911 475 2955 tervallo
497 2909 625 2952 illum
648 2908 986 2953 commendaret
1007 2907 1266 2965 ignorabat.
1439 2963 1442 2966 ἢ

373 2972 475 3027 Ipso
497 2983 611 3026 ergo
632 2967 722 3020 die,
747 2982 839 3023 quo
862 2969 915 3011 P.
943 2967 1120 3012 Natalis
1147 2966 1355 3011 abiturus
1384 2982 1553 3024 equum
1581 2966 1924 3019 conscenderat,

360 3112 370 3132 ¹
422 3111 481 3145 Ex
500 3111 738 3158 apographo,
757 3111 797 3146 in
819 3110 914 3147 Cod.
935 3120 996 3156 25,
1024 3111 1117 3147 Vita
1135 3111 1183 3147 P.
1208 3110 1391 3148 Cornelii
1416 3112 1662 3155 Wischaven,
1677 3110 1744 3147 fol.
1765 3109 1847 3148 238.

356 3160 370 3182 ²
422 3158 466 3194 P.
486 3158 695 3195 Cornelius
714 3158 970 3195 Wischaven.
