2020 3464
228 290 298 326 794
856 279 994 314 EPIST.
1023 279 1066 314 P.
1095 278 1246 314 NADAL

318 386 359 431 5.
426 376 661 431 Quantam
683 373 1049 431 progressionem
1077 374 1238 418 fecisse
1266 373 1351 417 sibi
1380 373 1589 418 videatur
1615 373 1662 416 in
1690 373 1867 428 studiis,

229 443 274 481 et
296 435 344 479 in
366 434 533 492 quibus
555 434 788 490 majorem.

319 496 361 539 6.
428 496 504 539 An
526 494 584 538 ad
612 494 808 550 aliquem
836 494 1029 550 gradum
1058 501 1293 550 promotus
1315 492 1452 536 fuerit
1479 493 1867 547 baccalaureatus,

229 554 455 608 licentiae,
481 553 731 611 magisterii
753 560 833 597 aut
853 554 1132 597 doctoratus.

321 626 363 670 7.
430 616 507 658 An
528 613 592 657 ita
614 613 672 658 sit
694 613 995 657 indifferens
984 628 1031 656 1n
1058 612 1220 656 studiis
1247 626 1497 667 eorumque
1525 612 1714 665 ratione,
1751 611 1871 656 sicut

230 674 277 718 in
298 674 512 718 omnibus
533 674 632 717 aliis
653 674 906 741 praeceptis
922 672 1223 718 obedientiae.

322 735 363 778 8.
430 735 536 790 Quo
564 733 622 777 sit
651 733 800 777 animo
829 734 886 778 ad
913 733 1295 791 perseverandum
1329 731 1374 775 in
1404 731 1681 795 quibuslibet
1711 730 1874 775 studiis

232 795 289 838 ab
311 793 567 838 obedientia
590 793 822 837 iniunctis.

322 869 365 912 9.
431 854 508 897 An
529 860 714 910 paratus
731 852 789 896 sit
805 853 959 898 subire
974 852 1169 896 docendi
1186 865 1352 895 munus
1369 864 1656 907 quacumque
1671 850 1719 894 in
1739 852 1874 895 scho-

231 914 292 967 la,
325 921 370 958 et
397 912 614 968 quamdiu
652 912 910 981 obedientia
946 911 1251 963 constituerit,
1284 911 1556 955 confidendo
1592 925 1697 954 cum
1724 909 1877 954 divina

233 973 381 1030 gratia
407 974 558 1017 Deum
595 972 853 1031 superiores
888 972 936 1016 in
972 971 1200 1025 omnibus,
1241 985 1359 1027 quae
1387 969 1723 1024 constituerint,
1754 969 1876 1014 dire-

236 1039 434 1077 cturum.

979 1153 1129 1196 XXIII

584 1232 1044 1276 INTERROGArioNEs
1078 1243 1170 1274 PRo
1203 1242 1465 1273 MAGISTRIS
1496 1229 1524 1272 ¹.

812 1309 947 1350 Para
970 1308 1034 1350 los
1055 1308 1292 1350 maestros

338 1406 374 1439 1.
441 1396 547 1451 Que
568 1393 687 1446 leen,
707 1408 737 1449 y
760 1395 932 1448 quanto
953 1393 1013 1435 ha
1035 1405 1125 1447 que
1145 1391 1263 1435 leen.

329 1466 372 1498 2.
438 1454 582 1498 Como
598 1468 648 1497 se
669 1452 848 1497 sienten
869 1465 928 1495 en
948 1452 993 1495 lo
1014 1465 1104 1508 que
1125 1451 1229 1496 leen
1251 1449 1529 1495 sufficientes
1556 1454 1584 1494 ὁ
1600 1451 1881 1508 aprovecha-

242 1515 326 1558 dos
347 1515 405 1560 de
422 1528 511 1571 que
532 1514 650 1557 leen.

331 1588 372 1630 3.
439 1574 582 1618 Como
600 1574 770 1616 fuertes
791 1586 821 1627 y
838 1585 974 1615 sanos
995 1586 1053 1616 en
1070 1570 1203 1627 aquel
1223 1569 1462 1614 exercicio.

332 1646 377 1688 4.
444 1633 494 1678 Si
516 1631 781 1676 fastidiados
802 1646 860 1676 en
877 1631 930 1675 el.

333 1704 374 1748 5.
441 1692 490 1738 Si
512 1691 819 1736 debilitados²
844 1705 901 1734 en
923 1691 967 1734 la
988 1689 1171 1734 oracion
1192 1705 1275 1747 por
1296 1690 1353 1734 el.

332 1754 375 1796 6.
441 1752 491 1798 Si
513 1753 603 1796 dan
624 1750 804 1796 estudio
826 1750 1081 1794 sufficiente
1102 1765 1161 1794 en
1177 1765 1367 1807 preveer
1384 1751 1399 1772 ³
1422 1750 1490 1794 las
1506 1748 1740 1793 lectiones.

333 1824 374 1867 7.
441 1814 653 1869 Quantos
674 1811 930 1855 escholares
951 1810 1120 1854 tienen.

333 1873 372 1916 8.
436 1873 575 1928 Quan
597 1871 953 1927 aprovechados.

334 1947 378 1990 9.
444 1933 583 1988 Quan
603 1930 884 1975 obedientes.

311 2003 379 2035 10.
446 1991 496 2037 Si
512 2006 570 2047 ay
591 1997 721 2035 entre
742 1991 854 2034 ellos
876 1990 1052 2033 buenas
1074 1988 1339 2033 abilidades.

312 2063 328 2094 1
342 2063 380 2095 1.
447 2050 496 2096 Si
518 2066 568 2095 es
584 2049 806 2107 diligente
828 2064 887 2092 en
908 2050 1014 2092 leer.
1062 2088 1064 2090 ,

310 2123 376 2154 12.
443 2110 492 2156 Si
515 2110 681 2167 platica
702 2110 760 2154 de
782 2108 950 2166 aplicar
970 2110 1015 2152 lo
1038 2123 1128 2164 que
1148 2109 1218 2152 lee
1239 2112 1266 2151 a
1282 2123 1415 2152 cosas
1436 2109 1493 2152 de
1514 2107 1720 2153 virtudes
1741 2081 1886 2153 cbris-

250 2169 411 2214 tianas.

314 2242 381 2285 13.
448 2230 497 2275 Si
520 2229 642 2274 tiene
664 2243 773 2272 cura
796 2230 853 2273 de
874 2229 918 2272 la
939 2227 1177 2285 disciplina
1197 2244 1227 2284 y
1248 2228 1423 2272 buenas
1440 2230 1726 2274 costumbres
1742 2229 1800 2272 de
1820 2229 1889 2273 los

251 2296 442 2345 oyentes
464 2290 497 2342 ⁴,
522 2304 552 2346 y
574 2303 663 2345 que
685 2303 826 2344 sepan
848 2289 890 2331 la
911 2287 1118 2331 doctrina
1139 2286 1400 2331 christiana.

314 2361 381 2404 14.
447 2349 496 2395 Si
532 2349 632 2393 dize
667 2347 904 2405 opiniones
935 2363 1109 2391 nuevas
1132 2362 1190 2391 no
1212 2346 1436 2390 recibidas
1467 2354 1833 2401 comunemente,
1858 2363 1888 2404 y

249 2408 600 2465 especialmente
622 2423 680 2453 en
702 2408 948 2464 theologia,
974 2409 1079 2451 item
1101 2422 1160 2452 en
1176 2414 1297 2451 artes
1316 2422 1347 2463 y
1368 2421 1427 2450 en
1449 2422 1503 2451 su
1519 2408 1653 2451 modo
1674 2423 1704 2464 y
1722 2408 1831 2451 todo
1847 2408 1889 2451 el

251 2475 374 2513 resto
398 2470 429 2512 ⁵.

311 2538 378 2584 15.
445 2527 494 2573 Si
517 2527 638 2572 tiene
660 2542 769 2571 cura
792 2541 881 2584 que
897 2541 1061 2572 serven
1078 2528 1146 2570 los
1162 2526 1443 2571 estudiantes
1460 2527 1526 2570 las
1543 2527 1694 2583 reglas
1712 2540 1801 2582 que
1821 2526 1888 2571 les

248 2602 366 2644 pone
387 2588 430 2631 la
448 2588 715 2644 Compafiia,
741 2601 871 2630 como
888 2587 961 2631 del
978 2587 1188 2631 confesar
1204 2587 1261 2631 de
1280 2587 1304 2630 8
1323 2601 1380 2630 en
1404 2587 1429 2630 8
1446 2587 1560 2640 dias,
1580 2587 1637 2630 de
1654 2600 1736 2642 oyr
1752 2585 1889 2629 missa

250 2662 280 2704 y
302 2651 500 2702 sermon,
533 2654 619 2693 etc.

326 2806 336 2825 ¹
388 2803 447 2838 Ex
468 2801 564 2838 Cod.
583 2802 643 2845 16,
663 2803 696 2846 I,
716 2801 783 2837 f‘ol.
803 2804 873 2845 (1v.
894 2802 996 2837 Vide
1013 2813 1145 2848 supra,
1164 2801 1331 2849 append.
1352 2802 1439 2846 XX,
1459 2805 1592 2837 annot.
1617 2809 1648 2836 Ι.

324 2852 338 2873 2
390 2849 677 2897 Apographum
694 2850 814 2885 habet
831 2850 1093 2886 debilidados.

326 2899 340 2919 ³
391 2897 556 2944 Apogr.‚
577 2900 762 2945 proveer.

324 2948 339 2968 ⁴
391 2945 555 2992 Apogr„
575 2947 692 2992 uyent
694 2957 746 2980 es.

324 2993 339 3014 ⁵
388 2993 498 3029 Haec
539 2971 796 3039 interrogatio
830 2992 945 3028 lineis
979 2993 1214 3028 transversis
1248 2992 1465 3027 cancellata
1497 2991 1667 3028 videtur.
1703 2989 1895 3044 Quisnam

256 3046 387 3077 autem
405 3039 511 3076 illam
529 3040 820 3084 cancellaverit‚
840 3039 954 3076 nobis
971 3051 1047 3076 non
1071 3045 1237 3076 constat.
1264 3041 1309 3075 In
1332 3038 1667 3095 responsionibus,
1685 3049 1781 3086 quas
1800 3036 1896 3074 vidi-

259 3100 358 3133 mus,
379 3099 428 3123 ex
446 3088 583 3124 codice
603 3088 645 3124 16
662 3087 893 3142 descriptas,
913 3093 1020 3124 certe
1045 3088 1302 3136 respondetur
1325 3087 1415 3124 huic
1440 3087 1558 3124 etiam
1584 3084 1894 3132 interrogationi,

259 3137 332 3172 sub
349 3135 425 3171 alio
444 3141 576 3173 tamen
593 3147 755 3173 numero
774 3135 939 3183 positae.
1568 3156 1571 3159 -
