2066 3490
757 257 777 292 5
804 247 1052 283 Novmassms
1082 255 1095 282 1
1103 248 1172 292 546
1746 257 1793 296 ,27

949 491 987 530 4

572 614 625 656 Ρ.
682 613 1100 657 HIERONYMUS
1152 613 1372 656 NADAL

464 724 775 763 DOCTORI
825 724 1113 763 THOMAE
1163 724 1395 762 GOMEZ
1452 728 1476 760 ι.

598 829 786 881 Romae,
813 838 837 883 5
862 827 1134 872 Novembris
1163 828 1276 882 1546
1299 828 1332 870 ².

566 941 673 976 Eum
703 941 936 976 consolatur
964 941 1012 976 de
1042 942 1171 976 morte
1193 939 1367 987 fratris.

904 1042 1028 1122 nius.

233 1195 300 1238 La
321 1208 498 1237 summa
521 1192 677 1251 gracia
703 1207 734 1249 y
760 1207 887 1235 amor
916 1201 1075 1235 eterno
1102 1192 1160 1235 de
1187 1191 1300 1236 Dios
1321 1198 1510 1235 nuestro
1538 1193 1686 1237 Sefior
1714 1207 1792 1236 sea

143 1270 338 1327 siempre
359 1285 447 1314 con
469 1272 527 1315 V.
553 1286 613 1314 m.
635 1285 665 1326 y
687 1284 775 1313 con
797 1269 945 1313 todos.
972 1270 1140 1313 Amen.

233 1349 378 1392 Como
399 1362 484 1391 son
505 1362 644 1404 pocos
665 1348 879 1391 hombres
901 1361 991 1402 que
1012 1361 1072 1390 no
1094 1353 1266 1403 tengan
1294 1346 1466 1403 alguna
1492 1346 1744 1403 cogitati6n
1765 1351 1793 1390 ό

140 1424 440 1482 imagination
460 1426 518 1468 de
537 1425 582 1469 la
602 1431 796 1477 muerte,
821 1427 886 1467 asi
908 1420 993 1467 son
1010 1438 1147 1481 pocas
1163 1438 1293 1467 cosas
1311 1438 1401 1479 que
1417 1430 1495 1466 tan
1517 1424 1795 1468 claramente

139 1503 398 1546 descubren
418 1503 488 1546 los
509 1517 757 1559 coracones
778 1517 808 1558 y
829 1501 1067 1545 interiores
1090 1502 1292 1545 affectos.
1320 1503 1440 1554 Vno,
1466 1500 1632 1545 viendo
1653 1501 1795 1545 morir

142 1584 258 1632 otro,
283 1595 333 1624 se
354 1579 618 1624 entristesse
638 1595 668 1636 y
690 1580 921 1636 perturba,
942 1586 1041 1623 otro
1058 1594 1146 1623 con
1162 1579 1206 1622 la
1221 1578 1370 1635 gratia
1391 1579 1448 1622 de
1470 1578 1622 1623 Cristo
1639 1580 1794 1623 exulta

142 1672 173 1714 y
193 1672 354 1701 serena
375 1672 430 1701 su
452 1661 666 1713 coracc‘m,
691 1664 738 1701 et
759 1658 956 1700 refresca
971 1657 1001 1699 1’
1026 1657 1190 1701 affecto
1211 1657 1269 1700 de
1289 1657 1333 1700 13
1348 1671 1569 1713 speranza
1584 1671 1642 1700 en
1657 1655 1787 1710 Dios,

88 1723 96 1733 ’
142 1741 190 1778 et
217 1734 334 1779 dize:
366 1737 586 1778 Laetatus
610 1749 714 1778 sum
743 1735 795 1777 in
822 1734 909 1787 lzis,
938 1749 1053 1790 quae
1081 1735 1202 1777 dicta
1231 1737 1340 1777 sunt
1369 1733 1502 1777 mihi:
1527 1734 1579 1776 in
1606 1734 1790 1777 domum

143 1803 338 1856 Domini
359 1813 526 1855 ibimus
549 1814 581 1855 ³.
607 1813 674 1857 La
695 1826 834 1855 causa
854 1811 955 1855 dize
975 1812 1018 1855 θ1
1039 1811 1376 1856 Ecclesiastico:
1414 1811 1455 1855 Ο
1481 1825 1621 1864 mors,
1650 1826 1788 1868 quam

140 1905 310 1932 amara
331 1890 364 1943 ⁴,
390 1896 499 1944 etc.;
524 1905 554 1946 y
575 1904 658 1947 por
678 1889 721 1933 el
737 1888 979 1932 contrario:
1005 1889 1046 1932 O
1061 1904 1200 1942 mors,
1218 1889 1382 1932 bonum
1400 1889 1622 1931 iudicium
1645 1892 1787 1942 tuum,

142 1967 495 2012 entendiendolo
517 1967 560 2011 al
580 1966 758 2023 spiritu3
778 1981 808 2022 y
826 1967 939 2009 cada
954 1981 1045 2009 vno
1060 1966 1104 2009 la
1120 1967 1270 2022 puede
1284 1965 1426 2009 sentir
1443 1980 1501 2009 en
1517 1969 1554 2010 si
1571 1966 1615 2009 la
1630 1980 1784 2018 causa,

139 2046 450 2088 testimonium
478 2044 692 2088 reddente
719 2044 870 2086 cuiuis
897 2044 1171 2086 conscientia
1197 2058 1284 2086 sua
1314 2045 1344 2087 ⁵.
1378 2044 1668 2087 Acuerdame
1688 2050 1788 2087 esto

138 2122 417 2167 deffiniendo
438 2137 501 2165 vn
521 2122 712 2165 hombre
733 2121 862 2164 dotto
882 2136 913 2177 y
933 2121 991 2164 de
1012 2121 1191 2177 spiritu,
1222 2122 1339 2178 quod
1366 2122 1461 2164 vita
1487 2123 1669 2164 instans
1690 2122 1785 2175 (in-

140 2201 260 2257 quit)
280 2201 507 2243 transitus
527 2199 588 2242 ad
609 2199 937 2250 aeternitatem;
958 2201 1069 2254 {que
1091 2213 1142 2242 se
1167 2199 1317 2255 puede
1343 2213 1423 2242 ver
1451 2213 1509 2243 en
1540 2200 1583 2242 la
1611 2206 1788 2242 muerte

140 2278 243 2322 sino
269 2276 525 2321 eternidad?
555 2291 586 2332 y
612 2279 678 2319 asi
707 2290 797 2331 que
823 2290 902 2319 sea
928 2276 972 2319 lo
1000 2290 1090 2331 que
1111 2276 1307 2319 obscuro
1334 2276 1435 2319 dize
1472 2277 1703 2328 Salomon,
1743 2279 1789 2318 vt

143 2359 392 2412 rumpatur
399 2354 648 2413 funiculus
664 2356 928 2410 argenteus,
944 2356 986 2395 et
1001 2356 1215 2396 recurrat
1234 2354 1346 2396 vitta
1362 2367 1507 2396 aurea
1523 2357 1564 2396 et
1580 2357 1787 2396 contera-

144 2438 223 2477 tur
239 2433 406 2489 hydria
425 2436 564 2488 super
576 2432 759 2489 fontem
781 2433 816 2484 6;
840 2446 871 2487 y
893 2431 942 2475 S.
969 2431 1129 2483 Paulo,
1155 2431 1292 2483 claro,
1323 2434 1369 2474 vt
1396 2431 1586 2474 mortale
1607 2430 1687 2473 hoc
1707 2430 1787 2472 ab-

219 2591 228 2611 ¹
280 2590 427 2624 Doctor
449 2588 621 2623 Thomas
645 2586 811 2633 Gomez,
836 2597 960 2633 nepos
990 2591 1075 2622 erat
1098 2587 1280 2622 Doctoris
1297 2586 1454 2633 >Ignatii
1478 2587 1609 2634 Lopez
1627 2585 1785 2631 medici,

138 2648 256 2684 amici
274 2654 315 2684 et
331 2646 597 2684 benefactoris
616 2646 841 2683 Societatis.
861 2646 923 2683 Cf.
943 2646 1164 2693 POLANCO,
1182 2646 1350 2690 Chron„
1370 2647 1444 2694 ΙΙΙ,
1465 2655 1547 2693 192.

212 2711 228 2731 ²
277 2710 337 2744 Ex
354 2709 583 2755 archetypo,
602 2706 642 2742 in
660 2707 792 2753 Epist.
812 2705 968 2747 Natat„
989 2706 1044 2747 II,
1073 2705 1221 2753 duplici
1246 2706 1332 2753 fol.‚
1359 2718 1398 2742 n.
1425 2714 1487 2752 45,
1514 2705 1621 2750 (olim
1652 2713 1719 2750 177
1745 2709 1787 2740 et

146 2768 241 2814 178).
273 2767 423 2805 Ultima
450 2768 573 2803 verba
599 2768 684 2802 «De
709 2767 856 2801 Roma»
887 2771 965 2801 etc.
992 2777 1083 2801 cum
1113 2765 1402 2813 subscriptione
1429 2772 1520 2801 sunt
1546 2765 1787 2811 autographa

141 2827 221 2865 Pjs
238 2828 376 2864 Nadal:
395 2832 552 2863 caetera
567 2828 618 2862 ab
635 2826 772 2872 ignoto
788 2825 946 2861 librario
963 2830 1136 2861 exarata.

215 2890 230 2910 ⁵
279 2889 349 2923 Ps.
371 2887 516 2934 CXXI,
538 2895 570 2922 1.

217 2950 233 2969 ⁴
280 2948 441 2992 Eccm„
459 2945 564 2992 XLI,
586 2953 619 2980 1.

217 3008 233 3029 ⁵
289 3005 578 3042 Testimonium
596 3005 785 3040 reddente
802 3004 889 3040 illis
911 3005 1154 3040 conscientia
1171 3005 1369 3052 ipsorum.
1389 3004 1514 3048 ROM.,
1534 3002 1586 3048 ΙΙ,
1609 3010 1666 3046 15.

217 3067 234 3088 ⁶
282 3066 510 3111 Antequam
527 3067 751 3111 rumpatur
758 3063 1025 3110 funiculus...
1044 3069 1121 3100 etc.
1139 3064 1244 3100 Ech
1256 3072 1290 3099 E.
1304 3091 1313 3109 ‚
1331 3063 1421 3108 XII,
1439 3061 1475 3097 6.
