2098 3548
754 313 911 350 Funis
936 311 1088 349 NADAL
1114 319 1252 348 ensi-A
1785 320 1826 348 x1

177 418 334 463 vultus
360 416 408 460 in
435 415 672 470 modestia,
696 430 751 462 ac
787 414 1008 473 religione
1045 415 1289 459 admodum
1316 414 1474 458 viuidi.
1507 416 1650 458 Porro
1678 414 1827 457 animo

177 495 451 550 indefessus,
475 493 742 547 industrius,
768 508 888 542 acer:
908 492 1094 551 ingenio
1115 507 1208 536 non
1235 493 1382 536 solum
1406 493 1463 536 ad
1485 506 1638 536 rerum
1664 493 1827 534 huma-

178 573 356 626 narum,
381 571 732 628 diuinarumque
759 570 994 616 scientiam
1022 569 1374 628 promptissimo,
1405 552 1486 614 sed
1513 569 1650 613 etiam
1678 570 1735 613 ad
1757 584 1830 613 res

177 651 419 710 gerendas,
443 649 633 707 viasque
653 648 942 707 negotiorum
964 648 1189 692 ineundas
1210 647 1492 705 sagacitatis,
1516 654 1562 690 et
1583 646 1829 690 efficacita-

180 729 237 773 tis
258 715 465 773 eximiae.
492 726 734 773 Societatis
757 726 1074 771 Institutorum
1096 732 1200 783 post
1219 726 1487 778 Generales,
1508 740 1561 769 ac
1578 725 1829 769 Polancum

178 807 302 851 haud
323 805 463 850 dubie
484 804 784 863 peritissimus
810 806 845 859 ¹3
871 804 1040 861 quippe
1060 818 1196 859 quem
1218 803 1316 861 ipse
1343 803 1550 861 Ignatius
1579 803 1636 846 ad
1664 803 1830 846 multas

177 883 474 929 circummisit
502 881 770 927 Prouincias
798 882 856 926 ad
884 882 1241 940 promulgandas
1269 880 1651 934 Constitutiones‚
1682 888 1728 924 et
1749 895 1829 924 ex-

176 962 424 1020 plicandas.
451 962 663 1018 Cumque
683 960 890 1004 iussisset
911 961 1109 1005 Sanctus
1131 961 1284 1013 Pater,
1316 974 1451 1016 quem
1474 959 1512 1003 is
1539 958 1758 1016 gessisset
1781 973 1830 1002 se

176 1054 231 1084 eo
252 1039 300 1083 in
322 1054 527 1093 munere,
551 1038 772 1097 primores
790 1040 978 1082 Patrum
1002 1027 1297 1095 perscribere,
1323 1037 1459 1081 trium
1475 1037 1676 1080 virorum
1701 1036 1830 1080 testi-

135 1124 138 1126 ’
178 1118 345 1172 monia,
381 1132 499 1174 quae
527 1132 619 1161 non
647 1116 965 1160 auctoritatem
994 1116 1146 1169 modo,
1178 1116 1259 1160 sed
1289 1112 1427 1160 etiam
1464 1114 1733 1172 religionem
1771 1116 1839 1158 ob¹

177 1210 474 1254 personarum
495 1194 783 1239 sanctitatem
805 1194 1019 1247 habeant,
1046 1193 1237 1250 Antonij
1263 1193 1473 1250 Quadrij,
1499 1192 1614 1246 eius,
1640 1192 1715 1236 cui
1738 1200 1829 1236 tam

178 1275 372 1319 multum
399 1274 537 1318 debet
568 1272 710 1326 India,
742 1273 1030 1329 duorumque
1065 1271 1343 1328 inclytorum
1381 1271 1583 1316 uirorum
1613 1270 1830 1315 Consalui

179 1352 430 1410 Sylueriae,
456 1358 502 1396 et
530 1351 693 1409 Ignatij
726 1350 945 1407 Azebedij
975 1350 1086 1394 libet
1113 1351 1287 1394 afferre.
1320 1351 1444 1394 Inter
1470 1356 1645 1394 ceteras
1671 1350 1831 1393 laudes

178 1429 412 1488 Quadrius
433 1429 628 1487 scripsit,
653 1429 766 1472 illud
793 1428 957 1472 mirum
979 1428 1201 1472 accidisse
1221 1427 1451 1482 omnibus,
1483 1429 1607 1484 quod
1635 1427 1827 1481 Natalis,

178 1523 297 1564 quae
313 1508 547 1561 voluisset,
567 1507 791 1551 effecisset
808 1506 855 1550 in
874 1505 1123 1551 Lusitania:
1143 1512 1189 1549 et
1206 1520 1342 1563 saepe
1359 1513 1518 1550 contra
1539 1505 1827 1557 sententiam,

178 1587 553 1642 voluntatemque
574 1586 838 1629 multorum:
864 1591 911 1629 et
933 1591 1085 1629 tamen
1107 1584 1261 1627 nullus
1283 1591 1404 1628 esset
1420 1583 1467 1627 in
1484 1583 1736 1637 Lusitania,
1758 1583 1832 1627 cui

178 1679 270 1709 non
291 1664 475 1708 abunde
496 1662 806 1716 satisfecisset,
833 1662 1023 1719 eiusque
1044 1669 1145 1706 acta
1166 1677 1343 1707 summe
1364 1662 1593 1719 probaret.
1621 1661 1831 1718 Sylueria

179 1741 502 1795 admirabatur,
526 1742 653 1798 quod
675 1755 854 1798 semper
874 1739 1010 1794 idern,
1035 1747 1082 1784 et
1101 1741 1438 1796 quodammodo
1466 1739 1761 1784 immutabilis
1784 1739 1830 1782 in

179 1820 338 1865 sancta
359 1819 603 1878 grauitate,
643 1818 848 1872 caritate,
884 1817 1141 1875 prudentia,
1181 1818 1341 1862 humili
1377 1817 1602 1871 libertate,
1638 1817 1829 1875 prouida

180 1897 437 1944 constantia
457 1896 736 1955 persisteret,
767 1903 815 1940 et
842 1895 952 1941 alias
979 1895 1052 1940 his
1075 1911 1258 1952 quoque
1285 1895 1478 1940 maiores
1506 1896 1664 1940 laudes
1691 1910 1829 1940 accu—

181 1977 338 2021 mulat.
364 1975 644 2029 Azebedius‚
671 1973 1049 2032 Olysipponensis
1077 1980 1178 2018 tum·
1196 1973 1389 2031 Collegij
1414 1975 1597 2027 Rector,
1629 1974 1829 2018 affirma-

178 2054 246 2100 uit
268 2061 359 2099 tam
381 2053 540 2097 intime
555 2053 654 2098 eius
671 2052 822 2097 animo
839 2052 1080 2098 Societatis
1101 2052 1365 2096 Institutum
1384 2051 1670 2109 impressum,
1690 2051 1830 2108 inque

178 2131 375 2190 negotijs
397 2130 709 2184 conficiendis,
735 2145 789 2174 ac
810 2130 947 2175 rebus
969 2130 1232 2174 ordinandis
1255 2138 1346 2174 tam
1369 2145 1419 2174 se
1441 2130 1667 2187 expedite,
1703 2137 1828 2173 tanta

175 2225 280 2255 cum
303 2209 550 2262 alacritate,
575 2208 832 2266 prudentia,
852 2208 1157 2265 simplicitate,
1177 2223 1231 2252 ac
1248 2208 1433 2264 reliquis
1450 2207 1697 2251 virtutibus
1719 2223 1826 2264 ges-

175 2287 303 2344 sisse3
329 2294 380 2331 vt
400 2287 632 2332 videretur
653 2286 711 2330 ad
733 2286 779 2330 id
801 2286 1019 2339 officium,
1040 2293 1224 2343 propter
1245 2286 1370 2342 quod
1391 2285 1597 2343 Ignatius
1624 2285 1824 2339 miserat,

177 2366 488 2411 conformatus
510 2380 537 2410 a
558 2367 676 2418 Deo,
701 2371 747 2409 et
769 2364 972 2409 eiusdem
995 2363 1216 2422 singulari
1234 2363 1423 2408 consilio
1439 2365 1586 2408 lectus
1707 2366 1828 2410 Sane

253 2560 265 2581 ¹
316 2559 375 2594 Ita
391 2558 437 2594 P.
456 2558 688 2604 Sacchinus,
705 2559 787 2606 qui,
806 2564 895 2606 post
912 2559 1050 2595 Patres
1066 2562 1275 2605 generales
1294 2566 1334 2596 et
1351 2561 1579 2607 Polancum,
1605 2561 1690 2596 sine
1708 2559 1827 2596 dubio

179 2619 336 2654 Patrem
353 2618 476 2654 Nadal
496 2618 766 2655 institutorum
785 2618 995 2654 Societatis
1014 2619 1296 2666 peritissimum
1322 2620 1482 2657 fatetur.
1502 2620 1676 2657 Dubium
1695 2626 1826 2656 autem

177 2682 369 2723 remanet,
389 2690 438 2713 an
456 2678 563 2714 Patri
581 2679 753 2715 Polanco
771 2684 811 2715 et
827 2680 1097 2729 generalibus,
1115 2680 1183 2728 qui
1206 2681 1360 2727 Ignatio
1387 2682 1564 2728 proxime
1583 2692 1827 2727 successere,

176 2739 248 2774 hac
266 2738 307 2774 in
323 2751 366 2774 re
384 2738 429 2774 P.
449 2738 574 2774 Nadal
593 2740 893 2787 anteponendus
907 2739 1034 2777 videri
1047 2741 1185 2788 possit.
1202 2741 1319 2777 Haud
1336 2741 1451 2778 facile
1469 2747 1621 2777 rectum
1636 2740 1826 2788 judicium

175 2798 216 2834 in
233 2799 307 2833 hac
324 2809 443 2834 causa
460 2799 713 2845 pronuntiare
731 2800 819 2847 quis
843 2799 1003 2847 poterit,
1022 2800 1098 2836 nisi
1116 2813 1208 2848 prae
1227 2801 1351 2838 oculis
1378 2803 1536 2848 habeat,
1565 2813 1664 2848 quae
1684 2800 1826 2846 viginti

175 2863 216 2895 et
233 2858 400 2905 amplius
419 2870 610 2895 annorum
628 2859 756 2907 spatio
774 2860 814 2895 in
834 2860 979 2906 studio,
998 2862 1329 2908 promulgatione,
1354 2868 1395 2898 et
1419 2862 1653 2898 executione
1678 2866 1824 2896 nostra-

174 2930 260 2954 rum
277 2918 604 2955 constitu-tionum
622 2931 692 2967 per
709 2925 832 2955 totam
849 2920 973 2956 ferme
992 2922 1186 2969 Europam
1199 2921 1371 2968 gesserit
1384 2928 1424 2958 et
1438 2922 1639 2969 scripserit
1656 2921 1824 2957 eximius

175 2978 242 3014 ille
260 2978 333 3021 vir,
353 2980 403 3014 ab
421 2978 506 3026 ipso
525 2980 569 3018 P.
589 2979 744 3026 Ignatio
761 2980 811 3016 ad
827 2981 902 3016 hoc
920 2993 1017 3028 opus
1035 2982 1186 3018 electus
1210 2988 1251 3019 et
1274 2982 1495 3019 institutus.
1521 2982 1667 3018 Lucem
1693 2987 1824 3017 tamen

175 3037 373 3085 copiosam
391 3039 440 3074 ad
458 3039 497 3075 id
514 3038 833 3087 discernendum,
852 3041 1088 3078 documenta
1106 3043 1146 3078 in
1164 3043 1238 3079 hoc
1262 3055 1379 3091 opere
1398 3042 1665 3090 proponenda,
1684 3054 1824 3090 suppe-

177 3096 371 3134 ditabunt.

249 3161 264 3180 ²
314 3159 374 3194 Ita
391 3170 549 3206 prorsus
566 3159 689 3197 fuisse
709 3161 838 3198 evinci
856 3161 1012 3199 videtur
1030 3175 1079 3199 ex
1104 3163 1203 3199 infra
1221 3163 1413 3210 dicendis,
1433 3174 1522 3211 pag.
1541 3172 1612 3199 xm
1631 3168 1670 3199 et
1688 3171 1772 3199 xlv.
