2066 3490
0 3247 4 3252 -
0 2742 12 3218 ›W-th-w-*rw-
0 2673 2 2694 ·‘
0 2607 4 2627 ⁷*

16 2871 23 2877 ι
19 2643 23 2646 .

897 267 1103 313 1545-1546
1781 279 1825 316 15

150 363 292 413 'esset
318 368 469 413 tenuis
497 369 648 413 adhuc
672 369 898 421 fortunae,
923 374 1085 411 -tamen
1114 369 1291 425 parauit
1319 369 1429 413 mihi
1456 370 1720 415 cubiculum
1749 387 1825 416 or-

170 446 290 490 natis
311 446 492 503 tapetis3
516 446 717 490 habebat
738 443 842 505 [me]
863 445 911 488 in
932 446 1107 489 honore
1128 460 1325 500 summo,
1356 453 1406 489 vt
1433 447 1568 503 plane
1595 448 1707 491 nihil
1735 463 1824 506 ego

168 523 218 567 in
239 538 294 568 ea
314 530 444 581 parte
466 523 788 567 desiderarem.
814 524 984 567 Fuerat
1001 522 1182 566 auditor
1199 522 1429 568 Maioricis
1450 523 1689 569 institutus
1710 541 1825 583 puer

167 616 196 644 a
217 600 396 658 Moripo
420 602 450 645 ¹:
477 602 626 645 fuerat
648 600 789 657 patris
811 599 900 643 mei
922 600 1266 657 condiscipulus
1287 600 1335 643 in
1357 601 1541 645 scholis.

259 691 335 733 41.
400 679 541 735 Apud
563 677 816 721 auditorem
838 676 984 720 mansi
1003 691 1060 733 30
1076 677 1255 730 diebus,
1276 677 1444 735 quibus
1461 680 1595 735 plane
1612 686 1736 724 totus
1759 681 1824 723 fui

166 755 320 800 animo
341 755 588 799 distractus
610 770 664 799 ac
685 753 948 811 dissipatus,
974 761 1028 797 ut
1048 754 1218 815 cumin
1234 755 1381 812 patria
1396 756 1574 799 nullum
1594 758 1686 801 fere
1702 757 1821 802 diem

167 833 436 886 omisissem,
462 847 554 889 quo
575 847 667 876 non
688 831 855 876 missae
875 847 1056 876 sacrum
1081 831 1307 886 fecissem,
1330 846 1387 888 30
1408 832 1496 876 illis
1518 833 1680 878 diebus
1700 850 1823 880 nun—

164 918 303 967 quam
319 897 627 967 ‘applicuerim
655 909 857 953 animum
894 910 953 953 ad
990 909 1174 953 missam
1203 910 1545 964 celebrandurn,
1578 926 1774 956 errarem
1804 915 1820 934 ²

165 988 362 1031 multum
399 1002 479 1044 per
515 989 692 1041 vrbem,
724 986 903 1031 curiose
940 986 1227 1042 inquirebam
1255 995 1553 1033 monumenta
1580 991 1823 1034 vetustatis

142 1106 145 1108 e
165 1080 398 1130 romanae,
422 1065 704 1109 ventitabam
727 1072 824 1108 tum
839 1066 906 1108 ad
930 1067 981 1108 P.
1009 1064 1256 1122 Ignatium,
1289 1080 1381 1122 quo
1402 1081 1476 1110 me
1497 1067 1698 1111 ducebat
1720 1068 1823 1125 qui—

165 1144 270 1187 dem
292 1143 478 1199 spiritus
499 1142 603 1197 Dei3
629 1142 865 1187 daemonis
887 1143 902 1164 ³
926 1142 1040 1186 nihil
1062 1142 1317 1196 omittebat,
1343 1158 1436 1200 quo
1458 1146 1515 1188 ab
1532 1144 1608 1188 illa
1624 1160 1822 1191 consue-

166 1220 327 1264 tudine
348 1235 422 1264 me
442 1221 671 1277 depellere
691 1227 862 1278 posset.
889 1221 1087 1265 Multum
1110 1219 1222 1264 mihi
1244 1223 1297 1265 P.
1325 1223 1510 1278 Laynez
1526 1231 1573 1266 et
1588 1224 1822 1267 Domene-

164 1312 249 1342 cus
265 1299 323 1342 de
339 1297 566 1342 exercitiis
583 1298 893 1351 inculcabant,
913 1312 1074 1341 verum
1091 1313 1180 1355 ego
1198 1298 1298 1342 illos
1315 1299 1624 1356 negligebam:
1637 1301 1822 1344 vocauit

165 1391 240 1420 me
261 1376 319 1419 ad
335 1375 576 1432 prandium
594 1390 938 1433 nonnumquam
956 1375 1181 1433 Ignatius,
1201 1383 1247 1420 et
1262 1377 1497 1421 moderate
1513 1392 1693 1421 mecum
1710 1393 1810 1436 age-

166 1454 246 1498 bat
267 1460 314 1497 et
335 1453 532 1497 dulciter
553 1468 637 1510 pro
658 1468 743 1497 suo
764 1468 907 1497 more.

254 1543 329 1585 42.
396 1532 553 1587 Quum
577 1530 691 1573 nihil
712 1530 822 1574 mihi
845 1538 1000 1587 aperte
1021 1531 1287 1586 loqueretur
1307 1532 1366 1576 de
1393 1539 1541 1575 status
1569 1532 1822 1577 mutatione

165 1608 390 1666 Ignatius,
414 1623 505 1665 ego
527 1608 655 1651 illum
677 1623 704 1652 a
725 1607 916 1664 prandio
938 1609 1079 1652 semel
1107 1609 1394 1665 compellaui,
1427 1624 1596 1667 rogans
1623 1609 1818 1666 primum

165 1694 216 1729 vt
237 1686 349 1729 alios
373 1689 534 1730 Patres
556 1685 734 1730 iuberet
755 1686 986 1730 secedere.
1016 1685 1106 1729 «Hi
1129 1685 1344 1743 (inquam)
1368 1689 1529 1731 Patres
1550 1688 1694 1731 multa
1709 1687 1819 1731 mihi

164 1763 412 1807 infarciunt
439 1758 659 1822 (similiter
686 1764 823 1807 credo
857 1777 931 1807 me
957 1778 1059 1807 esse
1084 1764 1304 1821 locutum)
1333 1765 1391 1808 de
1417 1765 1668 1818 exerciciis,
1700 1780 1818 1822 quae

162 1856 253 1898 ego
280 1856 373 1884 non
400 1856 502 1884 sum
530 1840 712 1885 nescius
740 1855 959 1896 quorsum
987 1848 1217 1898 spectent,
1255 1849 1305 1885 vt
1333 1842 1507 1886 scilicet
1534 1842 1657 1886 vitae
1684 1842 1811 1886 insti>

163 1925 315 1962 tutum
332 1925 378 1962 et
394 1925 564 1962 statum
582 1925 771 1971 mutem,
792 1928 839 1961 et
855 1919 913 1961 ad
928 1932 1012 1962 vos
1027 1917 1224 1962 veniam:
1240 1933 1331 1975 qua
1347 1918 1395 1962 in
1410 1934 1461 1963 re
1476 1920 1582 1964 volo
1599 1920 1814 1978 (inquam)

163 2002 210 2040 te
231 1995 487 2053 intelligere
507 1997 652 2039 multa
673 2010 730 2039 ex
751 2010 840 2048 me,
866 2009 984 2051 quae
1005 1995 1181 2039 faciunt
1210 2003 1262 2040 vt
1290 2011 1383 2040 non
1409 1996 1566 2041 videar
1593 2004 1729 2054 aptus
1757 1999 1815 2041 ad

164 2080 366 2117 vestrum
398 2073 519 2116 vitae
551 2073 858 2116 institutum.»
895 2071 985 2116 Hic
1016 2087 1152 2117 narro
1183 2073 1247 2116 illi
1280 2088 1473 2130 syncere
1509 2074 1604 2118 fere
1640 2075 1814 2131 reliqua

161 2150 315 2194 omnia
334 2151 457 2195 vitae
478 2165 608 2194 meae
627 2150 930 2203 incommoda,
955 2157 1135 2207 praeter
1155 2157 1359 2207 peccata;
1374 2166 1502 2207 ‘quae
1518 2152 1623 2195 cum
1640 2158 1814 2196 attente

161 2235 224 2281 et,
265 2228 303 2272 si
340 2236 463 2272 recte
499 2227 700 2280 memini,
740 2228 985 2271 subridens
1023 2227 1289 2282 audiuisset,
1330 2228 1563 2286 respondit
1590 2229 1809 2274 suauiter:

167 2307 336 2349 «Recte
358 2320 431 2349 res
452 2306 606 2359 habet;
628 2320 720 2348 non
737 2305 881 2348 deerit
902 2304 949 2347 in
966 2304 1197 2350 Societate
1218 2320 1309 2361 qua
1324 2305 1372 2349 in
1387 2321 1437 2350 re
1449 2306 1596 2363 possis
1613 2321 1812 2363 occupa-

162 2382 216 2435 ri,
242 2382 280 2425 si
302 2379 527 2426 Dominus
551 2389 597 2426 te
617 2383 675 2426 ad
697 2396 797 2426 eam
818 2381 1056 2425 vocauerit
1077 2382 1139 2425 ⁴.»
1161 2382 1248 2440 Egi
1271 2382 1419 2440 >igitur
1440 2390 1599 2440 postea
1620 2383 1738 2427 serio
1754 2384 1812 2426 de

163 2459 406 2514 exercitiis,
431 2460 674 2503 difficulter
695 2459 878 2515 quidem
894 2459 1181 2516 repperiebat
1203 2460 1482 2514 cubiculum,
1509 2475 1600 2517 quo
1623 2461 1801 2504 secede*

163 2529 257 2581 rem
295 2543 341 2580 et
368 2551 620 2589 exercerer,
654 2539 819 2580 Petrus
857 2536 1076 2581 Sentinus
1104 2536 1179 2580 cui
1210 2538 1397 2581 dederat
1424 2537 1536 2581 illud
1564 2537 1807 2594 negocium

164 2615 219 2658 Ρ.
244 2614 466 2671 Ignatius3
490 2614 685 2658 iusserat
712 2613 854 2667 enirn,
887 2613 1053 2657 timens
1081 2614 1254 2658 scilicet
1275 2630 1399 2658 meas
1426 2614 1748 2659 melancholias
1772 2615 1804 2666 ⁵,

298 2853 387 2889 Non
404 2858 567 2900 apparet
584 2864 634 2888 an
652 2852 840 2900 scriptum
858 2852 910 2888 sit
927 2853 1103 2901 Morigo,
1123 2854 1187 2889 vel
1205 2854 1379 2901 2110νὶρω
1400 2855 1462 2890 vel
1481 2853 1586 2890 aliud
1604 2853 1746 2888 simile.

300 2913 380 2959 Sic;
399 2913 426 2948 i.
446 2925 482 2949 e.
500 2913 705 2949 errabam.

300 2973 392 3009 Scil.
401 3002 410 3020 ,
426 2973 597 3020 spiritus
613 2973 835 3010 daemonis.

300 3033 401 3068 Vide
418 3032 534 3078 infra,
553 3033 750 3079 JIMENEZ,
772 3031 1009 3074 Comment„
1030 3044 1069 3067 n.
1093 3041 1148 3078 15.

298 3092 400 3128 Vide
416 3091 532 3138 infra,
550 3102 589 3127 n.
608 3101 656 3137 44
672 3091 787 3138 hujus
809 3090 1011 3127 Chronici.

232 2856 250 3115 &bedw-
