2066 3490
257 253 307 299 56
712 256 718 263 '
850 255 990 290 EP1sT.
1016 254 1061 290 P.
1090 254 1316 299 NADAL—7

1064 462 1099 502 ⁷

705 572 759 614 Ρ.
796 571 1212 627 HIERONYMUS
1246 570 1467 614 NADAL

543 676 819 714 SANCTO
861 671 1163 714 I'GNATIO
1206 677 1290 712 DE
1338 675 1619 714 LOYOLA

746 747 1000 827 Messanae,
1038 785 1063 827 7
1097 772 1206 830 Maji
1245 783 1357 830 1549
1393 774 1422 816 ¹.

354 889 504 924 Sacrae
521 888 734 935 virginum
752 887 951 933 reliquiae
969 887 1013 922 in
1031 887 1226 934 templum
1253 887 1463 922 Societatis
1478 887 1650 923 solemni
1661 881 1830 934 po'mpa.
1899 924 1901 928 Α

920 946 1248 994 transferuntur.

355 1081 393 1112 1.
458 1068 695 1111 Auisamov
711 1067 756 1109 la
786 1068 845 1110 P.
888 1068 937 1109 V.
974 1081 1094 1109 come
1115 1067 1158 1110 le
1185 1065 1375 1121 reliquie
1407 1073 1538 1110 sante
1567 1066 1627 1110 de
1658 1066 1700 1110 le
1731 1066 1911 1124 vergini

260 1145 433 1189 martiri
455 1145 489 1199 ³„
515 1159 603 1188 con
625 1145 739 1188 altre
759 1146 845 1187 che
866 1145 1088 1187 haueamo
1111 1142 1261 1187 dateci
1289 1143 1408 1187 dalla
1435 1143 1622 1200 signora
1649 1143 1912 1201 viceregina

261 1229 309 1267 et
329 1223 482 1266 donna
502 1222 692 1266 Isabella
721 1223 754 1274 ³,
786 1228 895 1274 etc.,
926 1222 969 1264 la
995 1220 1234 1264 domenica
1262 1227 1420 1277 pasata
1452 1221 1468 1242 ⁴
1502 1221 1665 1264 furono
1696 1227 1913 1265 recevute

261 1315 350 1344 con
372 1299 673 1357 grandissima
695 1299 886 1342 solenita
907 1306 952 1341 et
975 1298 1286 1342 consolatione
1307 1298 1353 1341 di
1374 1305 1538 1355 questa
1558 1298 1689 1352 citta;
1720 1313 1801 1355 per
1827 1300 1912 1343 che

337 1464 348 1485 ¹
399 1462 459 1497 Ex
476 1462 699 1509 apographo
717 1471 877 1507 coaev0‚
896 1460 936 1495 in
955 1460 1086 1507 Epist.
1107 1459 1263 1502 Natat„
1284 1460 1337 1504 II,
1362 1451 1478 1495 unico
1503 1459 1587 1504 fol„
1605 1469 1653 1505 44
1676 1450 1916 1506 (609).ssEst

263 1521 384 1558 etiam
401 1522 569 1556 alterum
587 1521 787 1567 exemplar
804 1520 1070 1567 apographum
1088 1519 1204 1565 hujus
1223 1519 1427 1566 epistolae,
1442 1519 1643 1566 hispanice
1657 1519 1861 1567 seriptum,
1874 1519 1916 1555 in

264 1582 395 1628 Epist.
414 1580 570 1623 Mixtis‚
589 1580 806 1626 1539-1548
823 1580 934 1623 (alias
954 1581 1030 1614 vol.
1052 1579 1117 1626 A),
1136 1579 1203 1614 fol.
1227 1588 1294 1624 190
1311 1582 1369 1624 (71
1391 1584 1433 1615 et
1449 1582 1525 1625 72).
1546 1580 1767 1627 Utrumque
1784 1591 1916 1615 exem-

211 1686 213 1690 ·
263 1642 348 1688 plar
365 1653 387 1676 a
405 1641 449 1676 P.
469 1641 636 1676 Polanco
655 1639 906 1675 emendatum
925 1639 1013 1675 fuit.
1034 1639 1211 1674 Tandem
1229 1639 1269 1674 in
1290 1639 1385 1674 Litt.
1407 1640 1646 1685 Quadrim„
1666 1639 1697 1684 1,
1720 1647 1801 1685 152,
1825 1645 1918 1675 sunt

263 1706 452 1747 excerpta
469 1700 676 1748 quaedam,
695 1699 735 1735 in
753 1699 896 1747 quibus
914 1699 1088 1746 pressius
1107 1699 1245 1734 eadem
1264 1704 1508 1746 enarrantur,
1527 1699 1684 1735 omissis
1706 1698 1917 1746 aliquibus,

264 1773 366 1808 quae
384 1773 473 1796 cum
492 1760 541 1795 ad
558 1760 760 1796 historiam
778 1771 856 1795 non
874 1759 1026 1795 inutilia
1043 1759 1127 1794 fore
1141 1759 1378 1806 judicemus,
1403 1759 1598 1806 integram
1625 1759 1832 1806 epistolam
1855 1758 1919 1794 hic

264 1821 456 1856 exhibere
475 1820 740 1869 decrevimus.
760 1820 873 1866 Quae
892 1820 1084 1855 Polancus
1102 1819 1265 1863 delevit,
1285 1831 1331 1855 ea
1344 1818 1488 1855 italicis
1502 1810 1646 1855 litteris
1659 1818 1918 1866 signabimus:

265 1893 366 1928 quae
386 1891 480 1916 vero
499 1880 740 1925 emendavit,
760 1879 808 1915 ad
826 1881 974 1915 calcem
988 1880 1217 1926 paginarum
1232 1880 1522 1915 annotabimus.
1538 1880 1675 1931 Italico
1689 1878 1918 1927 exemplari,

265 1941 370 1988 quod
387 1952 459 1987 nos
477 1940 726 1986 exhibemus,
745 1939 809 1975 hie
826 1939 964 1975 titulus
995 1939 1193 1986 praefixus
1218 1944 1298 1975 est:
1325 1949 1442 1985 1549.
1473 1940 1632 1975 Sicilia.
1652 1940 1721 1975 'De
1747 1939 1916 1981 Micina,

267 2001 355 2036 M·⁰.
372 2000 524 2042 Nadal,
544 2009 565 2045 7
583 2001 628 2035 di
644 1999 829 2047 Maggio.
855 1999 1061 2046 Hispanici
1088 2010 1182 2035 vero
1208 1999 1460 2046 exemplaris,
1486 2000 1550 2035 hic
1575 2000 1732 2035 titulus:
1762 1999 1919 2035 Sacado

266 2062 314 2096 de
333 2061 457 2096 tetras
474 2062 521 2096 de
540 2060 714 2101 Mecina5
734 2060 781 2094 de
799 2059 954 2094 Mastro
972 2060 1124 2101 Nadal,
1144 2071 1170 2106 y
1183 2060 1369 2106 primero
1387 2055 1474 2106 [sic]
1491 2061 1557 2096 del
1573 2071 1656 2095 mes
1672 2061 1720 2096 de
1737 2059 1870 2105 Mayo.

339 2122 353 2141 ‘2
404 2120 594 2155 POLANC.
614 2117 777 2162 addidit,
803 2119 995 2154 mandate
1022 2120 1076 2154 da
1113 2120 1155 2153 V.
1185 2120 1348 2154 P.—De
1374 2119 1435 2154 his
1460 2119 1638 2167 reliquiis
1664 2118 1822 2166 scripsit
1847 2118 1918 2153 Po-

267 2181 381 2215 lanco
398 2179 447 2214 ad
465 2179 509 2214 P.
529 2176 654 2213 Nadal
673 2190 719 2213 ex
738 2179 1027 2220 commissione,
1048 2187 1069 2223 5
1088 2178 1264 2225 Januarii
1283 2184 1323 2214 et
1340 2188 1387 2214 20
1405 2179 1534 2214 Martii
1553 2180 1668 2226 hujus
1685 2179 1791 2215 anni.
1815 2177 1918 2214 Vide

269 2240 484 2286 Regestum
506 2238 618 2279 Litt„
638 2238 671 2283 Ι,
693 2236 756 2272 181
779 2243 819 2272 et
836 2237 901 2272 182
921 2250 959 2272 v.

340 2299 354 2319 ³
404 2298 513 2332 Haec
531 2296 747 2332 sententia:
764 2298 829 2332 che
842 2298 1040 2332 haueamo
1054 2298 1186 2333 dateci
1198 2299 1313 2333 dalla
1329 2298 1453 2346 Sigffa
1475 2299 1713 2346 Viceregina
1725 2301 1763 2334 et
1781 2299 1920 2334 donna

269 2358 455 2399 Isabella,
475 2368 686 2404 suppressa
703 2356 778 2392 fuit
795 2356 836 2392 in
855 2356 1057 2403 hispanico
1075 2357 1305 2404 exemplari.

339 2419 355 2439 ¹²
404 2417 626 2453 AGUILERA
642 2417 885 2451 Provinciae
902 2417 1061 2452 Siculae
1074 2418 1183 2459 hist„
1200 2422 1300 2464 part.
1317 2418 1348 2464 Ι,
1363 2429 1449 2464 cap.
1466 2418 1498 2464 I,
1510 2429 1550 2453 n.
1566 2426 1681 2464 XXXI,
1695 2418 1793 2453 haec
1805 2422 1919 2464 gesta

266 2477 392 2513 fuisse
410 2477 465 2512 ait
482 2486 524 2511 XI
541 2477 615 2511 cal.
635 2475 742 2522 Maji,
761 2477 787 2511 i.
808 2487 843 2510 e.
863 2476 927 2511 die
951 2485 992 2511 21
1016 2476 1177 2523 Aprilis,
1202 2488 1279 2524 quo
1301 2476 1365 2512 die
1389 2477 1527 2513 incidit
1551 2477 1699 2513 festum
1722 2477 1920 2524 paschatis

268 2538 336 2573 illo
353 2547 468 2572 anno.
495 2535 538 2571 Si
568 2541 701 2571 autem
727 2535 893 2582 epistola
916 2536 988 2570 P.³⁸
1016 2536 1139 2571 Nadal
1166 2537 1310 2584 scripta
1333 2537 1409 2572 fuit
1436 2546 1450 2572 1
1478 2537 1585 2583 Maji,
1612 2543 1656 2573 ut
1683 2538 1851 2573 habetur
1879 2537 1919 2573 in

270 2596 484 2644 exemplari
501 2595 716 2643 hispanico,
736 2600 829 2630 tunc
848 2596 1050 2631 sollemnis
1068 2607 1208 2643 pompa
1225 2597 1329 2632 facta
1351 2597 1493 2632 fuisset
1518 2596 1582 2632 die
1602 2596 1647 2631 28
1675 2596 1836 2644 Aprilis,
1862 2608 1918 2632 sc.

266 2656 478 2702 dominica,
496 2667 596 2703 quae
615 2655 723 2690 audit
741 2656 788 2690 de
809 2656 1074 2700 Quasimodo.
1101 2655 1144 2691 Si
1170 2656 1329 2691 tandem
1356 2657 1400 2692 P.
1428 2656 1551 2691 Nadal
1579 2668 1689 2691 suam
1715 2656 1920 2703 epistolam

267 2717 333 2752 die
351 2724 374 2761 7
392 2716 484 2761 Maji
502 2715 675 2762 scripsit,
696 2720 738 2750 ut
756 2714 900 2749 dieitur
919 2715 958 2750 in
978 2716 1193 2762 exemplari
1212 2716 1361 2761 italico,
1379 2728 1458 2762 res,
1472 2728 1572 2763 quae
1586 2715 1627 2751 in
1641 2727 1687 2751 ea
1701 2721 1920 2760 narrantur,

268 2782 382 2812 actae
400 2775 571 2811 fuissent
589 2774 761 2810 secunda
779 2774 973 2810 dominica
992 2781 1079 2822 post
1103 2777 1260 2822 pascha.
1289 2776 1405 2822 Quod
1431 2787 1525 2811 vero
1550 2777 1743 2811 affirmare
1767 2775 1925 2811 videtur

271 2837 315 2872 P.
338 2837 519 2880 Polanco,
542 2835 708 2876 Chron„
729 2836 761 2881 1,
780 2834 953 2881 366-367,
973 2835 1299 2882 supplicationem
1317 2837 1423 2872 illam
1441 2836 1615 2872 habitam
1629 2836 1752 2871 fuisse
1766 2835 1807 2871 in
1820 2835 1926 2871 festo

269 2896 444 2943 corporis
463 2896 626 2942 Christi,
641 2895 828 2931 mendose
847 2906 1004 2942 prorsus
1023 2897 1212 2944 scriptum
1231 2903 1305 2942 est,
1326 2903 1408 2933 tum
1427 2909 1477 2933 ex
1499 2897 1631 2942 dictis,
1658 2902 1740 2933 turn
1767 2908 1816 2932 ex
1842 2895 1922 2943 epi-

273 2958 374 2992 stola
391 2968 414 2991 a
431 2958 476 2992 B.
497 2956 656 2993 Canisio
673 2955 737 2991 die
757 2965 777 3000 5
797 2955 905 3001 Junii
923 2956 1028 3002 data,
1047 2957 1074 2992 i.
1095 2969 1130 2992 e.
1152 2958 1284 2993 multis
1303 2963 1394 2993 ante
1412 2957 1558 2993 festum
1580 2957 1752 3004 corporis
1775 2955 1922 2992 Christi

268 3015 429 3062 diebus,
447 3017 488 3051 in
505 3028 582 3063 qua
600 3015 752 3059 eadem,
771 3027 870 3062 quae
889 3016 952 3051 hic
971 3016 1111 3062 Nadal,
1130 3017 1200 3052 sed
1218 3017 1450 3063 elegantiori
1467 3018 1616 3053 calamo
1634 3021 1802 3052 enarrat.
1822 3015 1924 3051 Vide

274 3076 633 3117 BRAUNSBERGER‚
658 3074 818 3110 Canisii
834 3076 966 3122 epist„
988 3076 1019 3122 Ι,
1039 3085 1122 3122 295.
