2098 3548
293 303 350 331 xn
862 295 1109 331 PRAEFATIO
1134 301 1370 330 GENERAms

291 411 383 440 non
405 395 596 440 aliorum
619 396 754 441 modo
778 399 965 441 Patrum
987 397 1046 440 de
1067 395 1311 450 Societate,
1338 404 1477 454 atque
1498 395 1633 441 etiam
1651 402 1940 440 externorum

291 474 493 519 virorum
518 473 799 538 Principum,
840 474 918 531 qui
955 473 1183 518 hominem
1219 481 1423 529 nossent,
1463 475 1545 520 sed
1581 474 1718 519 etiam
1755 473 1938 531 Ignatij,

290 553 413 609 quod
433 559 586 609 potest
607 552 750 596 instar
770 552 974 596 omnium
995 566 1097 596 esse
1117 551 1352 606 iudicium,
1378 567 1432 597 ea
1453 553 1539 596 fuit
1561 551 1726 610 opinio,
1754 551 1832 595 vbi
1853 551 1939 595 im-

290 629 513 688 plicatum·
525 630 781 688 negotium,
801 637 939 686 atque
955 630 1148 673 arduum
1166 637 1302 684 esset3
1323 630 1541 687 aptiorem
1558 631 1616 674 ad
1632 629 1784 674 omnia
1799 629 1940 688 expli-

291 708 452 763 canda,
477 723 530 752 ac
560 708 855 765 transigenda
882 722 938 752 ex
964 708 1216 763 voluntate,
1257 707 1408 752 Natali
1445 723 1538 752 non
1566 708 1698 752 facile
1724 707 1937 754 inueniri.

291 788 449 843 Itaque
473 789 616 831 Beato
649 785 774 830 Patri
800 785 1041 843 postremis
1070 786 1202 830 annis
1235 786 1430 843 pessime
1458 786 1628 831 valenti
1664 786 1941 831 substitutus

294 863 503 909 Vicarius
525 872 610 908 est:
635 866 692 909 ab
715 864 877 908 eodem
899 863 1064 908 iterum
1092 863 1139 907 in
1162 863 1431 922 Hispaniam
1454 864 1636 908 missus:
1669 870 1767 908 tum
1789 879 1816 908 a
1836 863 1943 909 Lai-

292 941 383 995 nio,
409 957 462 986 ac
486 941 654 999 Borgia
676 942 733 985 ad
754 941 1029 987 Societatem
1050 956 1192 999 prope
1219 943 1478 986 vniuersam
1506 942 1939 1000 recognoscendam:

293 1027 522 1077 postremo
544 1019 753 1064 Vicarius
773 1021 947 1064 <Romae
963 1019 1203 1065 Generalis
1225 1019 1411 1065 relictus
1433 1035 1460 1064 a
1482 1019 1667 1078 Borgia.
1694 1021 1766 1064 Ac
1787 1019 1944 1077 primis

285 1097 380 1141 'illis
403 1097 699 1154 temporibus,
728 1112 834 1141 cum
862 1098 986 1142 haud
1013 1099 1123 1142 dum
1150 1105 1301 1142 certae
1327 1104 1457 1142 erant
1478 1097 1627 1142 editae
1656 1097 1941 1155 singulorum

294 1174 646 1220 ministeriorum
669 1176 873 1233 regulae,
898 1175 1084 1219 monitis
1107 1175 1258 1220 Patris
1278 1175 1455 1220 Natalis
1485 1176 1578 1220 fere
1600 1182 1768 1219 cuncta
1789 1175 1942 1221 Socie-

294 1260 364 1297 tas
379 1254 606 1297 Vtebatur.
627 1255 725 1298 Nec
742 1254 858 1298 adeo
876 1253 1039 1297 mirum
1062 1261 1133 1298 est
1155 1261 1247 1298 tam
1270 1253 1402 1298 solita
1422 1253 1464 1299 ei
1486 1260 1654 1298 cuncta
1675 1254 1936 1298 succedere.

294 1332 412 1375 Nam
434 1331 491 1375 ad
522 1339 674 1376 cetera
695 1332 866 1386 diuina,
900 1320 1193 1388 humanaque
1222 1332 1342 1376 dona
1369 1331 1615 1376 adhibebat
1651 1346 1807 1376 curam
1829 1331 1942 1376 insi-

294 1423 447 1466 gnem.
482 1409 904 1453 praemeditabatur
935 1424 1086 1454 rerum
1115 1410 1398 1467 agendarum
1430 1409 1544 1463 vias,
1580 1409 1943 1466 conficiebatque

296 1486 608 1543 ephemerides
634 1489 668 1540 ¹;
694 1487 742 1531 in
770 1488 937 1544 quibus
965 1503 1061 1532 non
1088 1488 1235 1531 solum
1268 1487 1527 1545 praecipua,
1560 1502 1678 1544 quae
1705 1486 1940 1545 gessisset,

294 1564 375 1608 sed
398 1563 518 1608 vitae
540 1579 651 1609 suae
672 1565 834 1610 seriem
858 1573 1000 1610 totam
1022 1565 1292 1623 explicabat:
1320 1566 1440 1609 vnde
1461 1572 1559 1610 erat
1574 1579 1763 1610 necesse
1783 1564 1944 1622 augeri

294 1641 340 1684 in
377 1641 474 1685 dies
511 1642 673 1699 magis,
714 1643 1012 1700 roborarique
1047 1643 1352 1701 prudentiam.
1390 1642 1649 1701 Collegium
1687 1645 1942 1687 Romanum

293 1734 469 1763 summe
490 1722 685 1764 amabat.
713 1722 810 1766 Nec
831 1736 965 1766 secus
986 1737 1122 1778 quam
1156 1721 1377 1779 prouidus
1406 1723 1595 1774 Parens,
1627 1721 1665 1765 si
1688 1721 1798 1777 quid
1825 1720 1943 1765 inter

295 1797 678 1854 peregrinandum
700 1814 755 1843 ex
778 1799 958 1857 piorum
981 1800 1251 1844 liberalitate
1273 1799 1524 1857 colligeret;
1550 1799 1608 1843 ad
1629 1798 1728 1843 eius
1749 1797 1942 1854 leuatio—

294 1888 397 1918 nem
436 1876 652 1931 penuriae
680 1879 943 1934 seponebat.
976 1877 1252 1923 Germaniae
1280 1891 1464 1934 quoque
1496 1876 1582 1920 suit
1608 1875 1937 1934 perstudiosus:

293 1953 415 2007 quod
437 1953 606 2009 optime
628 1955 734 2011 poni
756 1955 803 1999 in
825 1955 880 2012 ijs
902 1955 1011 2000 Oris
1032 1957 1090 2000 ad
1113 1956 1329 2001 tuendam
1352 1954 1618 2013 religionem
1639 1961 1799 2001 contra
1816 1955 1942 1998 Hae—

274 2028 462 2086 ‘reticos
488 2031 766 2077 existimaret
792 2034 1015 2078 labores.»

387 2422 440 2465 ΙΙ.
468 2423 505 2465 E
507 2436 592 2476 JUS
616 2425 1045 2469 SCRIPTA.—Multa
1066 2424 1228 2468 litteris
1250 2424 1498 2477 mandavit,
1519 2424 1635 2467 inter
1657 2422 1943 2466 continentes

299 2499 418 2544 vitae
438 2515 549 2544 suae
570 2500 958 2558 peregrinationes
980 2508 1026 2545 et
1042 2503 1236 2556 labores,
1256 2501 1485 2546 indefessa
1504 2503 1556 2544 Ρ.
1577 2501 1723 2545 Nadal
1745 2499 1942 2556 diligen-

297 2576 375 2631 tia,
410 2592 554 2634 eaque
572 2579 664 2621 fere
686 2578 837 2622 omnia
853 2579 901 2622 in
917 2580 1070 2632 rebus,
1091 2579 1296 2636 personis
1318 2586 1363 2624 et
1378 2577 1742 2622 institutionibus
1758 2582 1943 2620 nostrae

300 2655 540 2701 Societatis
562 2663 817 2700 versantur.
843 2659 941 2701 Nec
957 2657 1136 2711 mirum,
1157 2673 1263 2701 nam
1279 2657 1398 2700 sicut
1415 2655 1643 2713 Ignatium
1660 2654 1799 2717 elegit
1815 2655 1942 2697 Deus

299 2740 351 2777 ut
373 2733 647 2779 Societatem
664 2736 776 2792 Jesu
798 2749 878 2791 per
899 2736 1136 2778 Exercitia
1151 2735 1417 2792 spiritualia
1433 2740 1585 2777 mente
1601 2731 1877 2787 conciperet,
1898 2737 1944 2774 et

300 2826 381 2868 per
405 2812 753 2854 Constitutiones
774 2826 910 2868 opere
931 2814 1177 2870 compleret
1194 2819 1240 2856 et
1256 2812 1510 2869 perficeret3
1531 2810 1595 2853 ita
1611 2808 1943 2864 Hieronymum

299 2889 446 2934 Nadal
467 2889 525 2933 ad
546 2890 633 2932 hoc
655 2889 896 2946 praecipue
912 2904 1027 2946 opus
1048 2890 1095 2933 in
1118 2889 1393 2935 Societatem
1415 2886 1661 2932 accersisse
1676 2885 1873 2937 videtur,
1893 2890 1945 2926 ut

290 2982 381 3025 *per
416 2966 689 3024 ignatianas,
719 2981 801 3010 seu
829 2966 981 3023 potius
1008 2967 1201 3020 divinas,
1228 2965 1577 3011 constitutiones
1606 2970 1752 3007 totum
1777 2975 1943 3018 corpus

342 3170 345 3173 .
377 3141 385 3164 ¹
439 3136 538 3177 Vide
557 3136 671 3186 infra,
690 3136 775 3174 cod.
801 3145 813 3173 1
837 3141 877 3170 et
895 3145 928 3173 2.
