2098 3548
767 285 924 320 PATRIS
950 284 1103 320 NADAL
1129 293 1266 321 GESTA
1783 297 1838 323 vu

188 385 266 442 tia,
288 393 338 430 ut
360 386 456 444 ipse
479 386 661 444 saepius
684 388 868 440 fatetur,
894 387 1142 431 destitutus
1171 389 1197 430 ¹.
1225 389 1294 430 Ex
1318 387 1504 432 fortuita
1520 403 1628 432 vero
1645 389 1838 434 lectione

188 464 426 521 cujusdam
443 464 662 522 epistolae
680 467 732 509 P.
754 467 791 509 F
793 464 986 509 rancisci
996 464 1168 524 Javier,
1189 465 1267 521 qui
1284 479 1339 510 eo
1354 472 1556 523 tempore
1569 466 1616 509 in
1629 467 1838 511 christia-

189 557 248 586 na
269 542 492 600 religione
514 542 634 586 indis
655 542 969 587 annuntianda
990 542 1250 596 insudabat,
1270 557 1430 596 novos,
1455 545 1839 601 vehementesque

189 619 396 664 stimulos
427 621 486 664 ad
516 620 834 677 perfectiorem
855 620 977 664 vitae
1005 627 1174 664 statum
1203 621 1568 677 amplectendum
1597 622 1836 678 persensit,

190 698 487 754 Romamque,
522 698 648 741 nulla
679 713 807 742 mora
836 698 1118 755 interposita,
1154 698 1465 755 proficiscens,
1496 699 1554 742 ab
1582 699 1761 756 Ignatio
1793 699 1839 743 in

190 774 481 829 Societatem,
512 776 586 820 die
625 789 681 834 29
719 776 1008 831 Novembris,
1039 791 1162 820 anno
1196 787 1324 832 1545,
1357 776 1614 834 adscriptus
1644 784 1729 830 est,
1762 778 1840 821 ubi

187 854 370 897 tandem
391 860 438 898 et
459 853 597 898 animi
619 854 974 898 consolationem
997 861 1044 898 et
1059 854 1261 911 corporis
1278 854 1582 912 refrigerium,
1603 862 1654 898 ut
1671 854 1768 912 ipse
1784 856 1841 899 de

186 946 236 975 se
257 931 437 985 scribit,
456 931 552 988 jam
574 931 622 975 in
643 931 742 989 ipso
763 932 919 976 limine
940 931 1062 976 vitae
1084 931 1326 990 religiosae
1348 933 1541 989 adeptus
1563 939 1633 976 est
1654 933 1687 976 ².

276 1011 448 1054 Romae
470 1011 556 1054 sub
578 1010 744 1068 Ignatii
766 1010 1005 1069 disciplina
1028 1017 1206 1054 tantum
1224 1010 1352 1054 brevi
1369 1010 1579 1067 profecit,
1601 1017 1692 1055 tam
1709 1011 1841 1068 peni-

155 1123 157 1125 .
188 1094 263 1131 tus
299 1087 541 1133 Societatis
571 1091 684 1148 Jesu
716 1088 1028 1132 institutiones
1050 1087 1289 1141 intellexit,
1332 1095 1423 1132 tam
1460 1089 1595 1146 plene
1631 1088 1839 1146 spiritum

186 1165 386 1222 ipsaru'm
408 1166 576 1220 hausit,
603 1174 655 1211 ut
675 1166 795 1211 inter
818 1173 884 1211 tot
908 1174 1092 1224 tamque
1109 1166 1323 1224 egregios
1340 1166 1478 1220 viros,
1500 1166 1578 1223 qui
1596 1174 1707 1211 tunc
1725 1174 1840 1211 tem-

187 1243 308 1300 poris
330 1243 377 1287 in
400 1244 612 1289 universa
634 1245 864 1290 Societate
885 1246 1125 1299 florebant,
1145 1243 1373 1288 neminem
1392 1247 1445 1288 P.
1472 1245 1620 1288 Nadal
1637 1245 1839 1302 superio-

187 1336 281 1365 rem
319 1323 392 1366 vel
429 1323 666 1379 aequalem
704 1322 886 1367 duxerit
923 1322 1146 1380 Ignatius,
1171 1321 1247 1366 cui
1275 1337 1382 1366 suas
1410 1322 1534 1366 vices
1562 1322 1608 1366 in
1638 1324 1840 1380 regenda

184 1398 435 1453 Societate,
462 1400 507 1444 in
536 1400 941 1445 constitutionibus
969 1415 1049 1458 per
1077 1402 1306 1459 Europam
1334 1400 1680 1458 promulgandis
1710 1416 1838 1445 com-

186 1476 365 1522 mittere
386 1486 559 1535 posset.

274 1557 536 1613 Antequam
557 1572 668 1602 vero
691 1558 804 1601 tanti
826 1557 1045 1601 momenti
1067 1557 1216 1602 officia
1237 1557 1322 1615 ipsi
1344 1558 1662 1601 commendata
1683 1558 1835 1610 vellet,

185 1633 408 1690 Ignatius,
433 1649 515 1691 pro
543 1650 628 1679 sua
655 1635 702 1678 in
734 1635 969 1679 hominum
1002 1635 1200 1693 ingeniis
1231 1635 1520 1692 explorandis
1551 1635 1834 1688 dexteritate,

187 1711 337 1756 Patris
359 1714 506 1757 Nadal
527 1713 815 1771 prudentiam
835 1721 1131 1770 caeterasque
1157 1713 1352 1757 virtutes
1374 1715 1546 1758 Romae
1572 1713 1620 1756 in
1648 1728 1836 1757 munere

186 1789 378 1833 ministri
406 1805 486 1847 per
522 1792 815 1849 semetipsum
848 1791 1046 1849 experiri
1073 1791 1233 1835 voluit.
1270 1793 1388 1835 Tum
1421 1791 1468 1834 in
1498 1791 1699 1837 Siciliam
1731 1805 1834 1834 eum

185 1866 322 1921 misit,
347 1875 394 1912 et
415 1869 609 1927 collegio
631 1870 901 1915 mamertino
922 1869 1155 1927 praefecit,
1182 1870 1259 1913 ubi
1282 1870 1400 1914 inter
1415 1869 1503 1913 alia
1518 1870 1749 1927 praeclara
1768 1870 1834 1912 fa-

182 1944 354 1999 cinora,
375 1947 619 2004 collegium
637 1947 854 2005 trilingue
870 1950 1108 1992 Messanae
1125 1946 1339 2002 instituit,
1358 1947 1632 2004 legibusque
1652 1946 1834 2004 sapien-

183 2022 367 2067 tissimis
388 2024 566 2078 ditavit,
592 2025 902 2070 universitatis
925 2025 1255 2069 institutionem
1278 2024 1526 2082 promovit,
1552 2024 1833 2068 dotationem

181 2098 301 2145 illius
323 2108 368 2145 et
389 2102 692 2159 panormitani
714 2102 896 2160 collegii
917 2102 1200 2160 procuravit,
1226 2103 1414 2146 domum
1437 2101 1718 2160 probationis
1739 2102 1831 2159 pri-

181 2191 299 2221 mam
322 2178 367 2222 in
390 2179 619 2225 Societate
641 2180 784 2224 erexit
805 2187 851 2225 et
872 2180 1114 2235 ordinavit,
1141 2180 1331 2224 familias
1354 2180 1614 2238 religiosas,
1640 2181 1829 2233 clerum,

179 2255 360 2311 milites,
386 2257 577 2312 nobiles,
599 2260 797 2315 plebem,
823 2258 1063 2303 indefessis
1078 2258 1311 2303 laboribus
1328 2258 1614 2311 reformavit,
1639 2273 1833 2303 conver—

179 2348 332 2378 sarum
354 2336 681 2380 monasterium
698 2336 900 2394 Drepani
917 2336 1130 2391 instituit,
1150 2337 1359 2394 publicos
1375 2336 1422 2379 in
1439 2337 1684 2380 sceleratos
1705 2337 1832 2393 leges

179 2412 459 2470 promulgari
480 2414 672 2468 curavit,
698 2414 795 2471 pias
817 2414 1094 2468 sodalitates,
1121 2422 1167 2459 et
1188 2415 1348 2468 erexit,
1374 2421 1421 2458 et
1449 2414 1632 2472 optimis
1660 2414 1831 2458 consti-

181 2488 435 2534 tutionibus
476 2491 679 2545 donavit,
720 2492 914 2550 collegio
952 2507 1140 2537 romano
1176 2492 1477 2549 eleemosynis
1513 2491 1743 2545 subvenit,
1784 2491 1830 2534 in

180 2566 384 2611 Africam
401 2582 507 2612 cum
523 2569 757 2626 hispanica
773 2569 924 2624 classi,
944 2571 1002 2613 ad
1018 2569 1184 2617 milites
1200 2570 1248 2613 in
1264 2569 1427 2627 spiritu
1438 2570 1684 2627 juvandos,
1699 2569 1829 2612 navi-

179 2643 322 2700 gavit,
348 2652 394 2689 et
414 2647 705 2704 naufragium
729 2647 904 2691 fortiter
924 2647 1111 2704 pertulit
1128 2648 1436 2706 (1548—1552).

268 2722 355 2766 His
377 2723 567 2780 aliisque
586 2725 804 2781 peractis,
836 2727 1026 2769 Romam
1054 2726 1112 2768 ab
1139 2725 1320 2783 Ignatio
1349 2732 1565 2779 vocatur,
1598 2725 1677 2768 ubi
1709 2726 1828 2768 sole-

177 2814 328 2844 mnem
350 2801 693 2857 professionem,
718 2802 792 2846 die
815 2815 838 2846 2
845 2814 868 2858 5
894 2802 1046 2847 Martii
1073 2813 1200 2859 1552,
1226 2803 1531 2860 nuncupavit3
1557 2803 1700 2846 multa
1721 2802 1827 2846 dein

176 2890 281 2920 cum
303 2892 358 2922 eo
380 2878 587 2936 Ignatius
608 2881 666 2923 de
688 2879 933 2925 Societatis
960 2879 1363 2925 constitutionibus
1390 2880 1606 2933 contulit,
1638 2880 1723 2938 ipsi
1756 2879 1827 2923 in-

254 3068 262 3087 ¹
315 3065 415 3101 Vide
437 3065 584 3102 Clu-on.
606 3067 761 3109 Natat„
781 3080 847 3103 nn.
872 3077 929 3114 17,
949 3076 1009 3114 21,
1029 3077 1088 3112 22,
1108 3067 1167 3113 23,
1188 3078 1248 3115 25,
1268 3078 1314 3114 29
1332 3074 1371 3104 et
1390 3067 1449 3103 31.

250 3128 264 3148 ²
315 3125 416 3161 Vide
437 3125 584 3162 Chron.
605 3126 760 3169 Natal.,
782 3140 819 3163 n.
841 3138 898 3173 5ο.
