2028 3484
262 283 336 330 362
846 292 986 331 EP1ST.
1014 289 1059 330 P‘.
1094 293 1344 341 NADAL—98

260 394 347 439 ciis
369 401 416 440 et
436 394 535 439 aliis
558 395 838 453 ubicumque
859 395 999 453 aliqui
1027 397 1085 442 de
1113 395 1344 442 Societate
1371 401 1527 440 nostra
1553 396 1817 450 versantur,
1842 396 1921 442 uel

261 470 451 528 aliquid,
477 472 600 529 quod
620 473 678 516 ad
699 472 975 519 Societatem
998 480 1200 517 nostram
1217 478 1410 530 spectet,
1431 471 1508 530 agi
1523 471 1683 530 possit,
1703 472 1919 518 commis-

263 547 438 593 sarium
458 550 720 606 generalem
741 565 847 595 cum
868 549 992 595 omni
1014 557 1169 594 nostra
1191 549 1490 605 authoritate,
1523 564 1660 606 quam
1686 565 1769 607 per
1795 549 1921 596 sedis

263 625 541 683 apostolicae
562 627 905 673 concessionem
927 626 1266 672 communicare
1286 641 1548 684 possumus,
1573 626 1916 682 constituendo,

263 702 494 757 omnibus,
520 703 599 760 qui
620 705 707 748 sub
728 711 885 750 nostra
906 711 952 751 et
981 703 1224 751 Societatis
1252 703 1513 750 obedientia
1540 703 1723 759 uiuunt,
1755 700 1838 748 tibi
1864 711 1920 749 ut

263 786 471 837 pareant,
496 780 686 838 perinde
701 789 839 839 atque
855 781 1004 836 nobis,
1023 780 1324 839 iniungimus.
1345 782 1404 825 Et
1419 796 1513 825 non
1530 782 1680 826 solum
1697 787 1750 825 ut
1764 787 1919 827 recto-—

263 872 339 903 res
361 872 415 902 ac
435 858 733 916 particulares
753 859 1051 917 praepositos,
1077 859 1159 905 sed
1181 858 1318 905 etiarn
1339 858 1646 917 prouinciales
1661 858 1710 902 in
1726 857 1920 916 quibus-

265 934 339 980 uis
360 935 582 993 collegiis,
606 936 817 981 domibus
839 943 885 982 et
911 935 1160 994 prouinciis
1189 935 1471 982 constituere
1498 942 1545 981 et
1571 949 1831 990 remouere,
1865 949 1923 979 ac

265 1026 426 1057 eorum
449 1013 713 1059 facultatem
734 1013 1013 1071 restringere
1035 1014 1110 1058 uel
1132 1027 1306 1071 augere
1322 1012 1484 1070 possis,
1505 1019 1641 1070 prout
1656 1012 1705 1056 in
1720 1012 1924 1057 Domino

268 1089 485 1146 expedire
505 1089 744 1144 iudicabis,
769 1090 956 1148 quasuis
978 1090 1116 1136 etiam
1138 1090 1323 1148 regulas
1345 1096 1392 1136 et
1413 1089 1771 1136 consuetudines
1792 1088 1922 1134 iuxta

268 1166 649 1212 constitutionum
671 1182 857 1213 sensum
879 1182 933 1212 ac
953 1175 1155 1213 mentem
1176 1175 1378 1212 nostram
1396 1167 1501 1226 (qua
1516 1166 1564 1210 in
1581 1182 1631 1212 re
1646 1166 1920 1225 interpreta-

269 1242 384 1288 tioni
406 1250 514 1290 tuae
533 1244 593 1289 sit
613 1245 842 1303 standum)
865 1246 1228 1299 accommodare,
1248 1251 1295 1291 et
1310 1245 1495 1290 demum
1511 1243 1663 1289 omnia
1679 1244 1782 1303 alia,
1801 1258 1922 1301 quae

267 1320 308 1365 si
329 1335 415 1365 nos
442 1329 707 1379 praesentes
734 1337 939 1369 essemus
952 1357 962 1377 ‚
991 1324 1174 1369 efficere
1200 1336 1460 1380 possemus,
1489 1328 1543 1366 ut
1567 1313 1712 1368 libere
1737 1322 1923 1368 efficere

267 1397 417 1455 possis
437 1398 485 1442 in
506 1398 690 1445 nOmine
712 1399 862 1444 Patris
884 1407 930 1445 et
951 1399 1053 1444 Filii
1076 1407 1122 1446 et
1149 1400 1347 1458 Spiritus
1374 1399 1533 1446 Sancti
1560 1398 1842 1445 conferimus
1873 1405 1921 1444 et

266 1475 533 1533 elargimur,
557 1492 611 1522 ac
631 1477 720 1524 Dei
741 1477 1011 1535 sapientiam
1032 1484 1078 1523 et
1099 1477 1369 1532 bonitatem,
1389 1483 1440 1521 ut
1457 1483 1503 1522 te
1519 1476 1563 1520 in
1583 1476 1797 1521 omnibus
1812 1475 1921 1520 illu-

266 1558 415 1599 strare
436 1567 491 1598 ac
511 1553 711 1612 dirigere
731 1554 964 1612 dignetur,
988 1569 1243 1612 precamur.
1268 1555 1440 1599 Datum
1462 1555 1634 1600 Romae
1654 1552 1703 1597 in
1730 1553 1924 1599 aedibus

269 1629 513 1675 Societatis
528 1633 657 1690 Jesu,
682 1631 757 1677 die
777 1633 841 1676 VI
869 1631 1145 1677 Nouembris
1166 1633 1230 1676 M.
1255 1632 1314 1676 D.
1341 1631 1440 1676 LX.

360 1708 403 1751 A
425 1711 570 1766 tergo:
592 1711 787 1754 Patente
808 1724 889 1766 per
916 1709 1111 1754 Com.rio
1129 1743 1139 1754 .

360 1785 553 1830 Iterum:
574 1787 770 1831 Patente
791 1801 871 1843 per
893 1785 1194 1831 Commisario
1218 1805 1271 1834 =.
1292 1795 1365 1842 55.

269 1921 439 1958 hermita
455 1921 505 1958 de
522 1922 598 1959 Nm
611 1922 679 1959 S.a
692 1922 742 1959 de
760 1924 818 1959 los
835 1922 1065 1969 Remedios,
1084 1934 1176 1959 creo
1193 1934 1244 1959 no
1261 1922 1370 1959 tiene
1387 1933 1464 1970 que
1481 1926 1623 1959 temer.
1636 1921 1715 1959 Por
1727 1922 1797 1957 aea
1813 1932 1857 1957 se
1870 1921 1922 1958 ha

268 1982 398 2018 hecho
415 1983 558 2028 alguna
574 1982 799 2030 diligencia,
817 1995 844 2030 y
862 1994 906 2018 se
923 1983 1016 2019 hara
1032 1984 1071 2020 10
1087 1994 1165 2031 que
1181 1985 1265 2019 mas
1289 1982 1532 2018 conuiniere.

343 2041 393 2078 ΑΙ
411 2042 580 2089 collegio
597 2041 646 2078 de
665 2042 813 2078 Seuilla
829 2043 945 2078 hauia
961 2042 1136 2090 pensado
1153 2047 1316 2079 nuestro
1332 2041 1458 2078 Padre
1475 2040 1646 2090 applicar
1659 2052 1712 2077 un
1725 2039 1922 2077 beneficio

269 2112 347 2148 que
365 2099 431 2137 fue
448 2101 512 2137 del
530 2102 597 2137 P.e
615 2101 838 2138 Christobal
857 2102 906 2138 de
924 2102 1129 2150 Mendoca3
1148 2113 1232 2138 mas
1248 2101 1419 2149 despues
1433 2113 1477 2137 se
1490 2102 1568 2137 han
1582 2099 1796 2136 entendido
1809 2101 1921 2146 algu-⁴

268 2172 338 2197 nas
356 2172 468 2197 cosas
486 2160 536 2197 de
553 2162 613 2197 los
630 2161 810 2198 sobrinos
827 2162 890 2198 del
909 2162 1024 2198 dicho
1042 2162 1182 2209 Padre,
1200 2173 1227 2210 y
1245 2163 1323 2198 assi
1340 2172 1432 2198 creo
1450 2163 1538 2197 sera
1554 2160 1779 2197 necessario
1795 2158 1920 2196 dexar

269 2222 307 2256 el
325 2220 521 2257 beneficio
538 2223 560 2257 a
577 2232 655 2257 uno
672 2221 811 2268 dellos,
830 2224 852 2257 a
870 2223 908 2257 lo
926 2234 1062 2258 menos
1079 2233 1150 2270 por
1167 2233 1235 2258 sus
1253 2221 1352 2264 dias,
1371 2233 1399 2269 y
1415 2231 1467 2258 no
1484 2232 1527 2257 se
1544 2222 1658 2256 usara
1675 2220 1724 2255 de
1748 2230 1826 2255 una
1850 2221 1918 2266 po-

269 2279 346 2315 liza
370 2280 420 2316 de
444 2280 596 2316 cambio
621 2292 698 2328 que
721 2281 797 2316 han
821 2281 1022 2329 embiado,
1047 2281 1081 2317 si
1104 2292 1154 2317 no
1176 2281 1289 2317 fuese
1312 2292 1405 2328 para
1428 2280 1573 2328 aplicar
1599 2280 1636 2316 el
1660 2277 1854 2315 beneficio
1880 2279 1918 2314 al

267 2339 384 2375 dicho
402 2340 608 2387 collegio.»
625 2341 685 2376 Ex
701 2340 936 2388 supradictis
954 2342 1149 2390 Regestis,
1169 2351 1288 2389 pagg.
1309 2348 1393 2387 250,
1413 2348 1498 2385 251.
