2020 3464
674 672 938 710 ADDENDA
965 670 1031 705 ET
1057 669 1410 710 CORRIGENDA

947 747 949 750 ·
977 746 979 749 ·
1069 746 1092 770 ι·
1111 746 1133 772 2:

974 815 1114 822 ..—

218 973 472 1021 Pag.va11,
491 971 566 1006 lin.
585 973 717 1017 5-,2pro
728 970 819 1015 has,
838 968 946 1017 lege:
965 968 1054 1005 hae.·
1537 994 1539 997 .

213 1033 333 1118 Ραξ.
362 1041 381 1077 3
387 1041 427 1077 3
446 1032 585 1066 annot.
611 1039 652 1074 4,
678 1029 753 1065 lin.
779 1038 802 1073 5
823 1028 873 1064 ab
895 1028 992 1069 imo,
1011 1030 1092 1075 pro
1109 1026 1249 1064 strada
1266 1027 1428 1076 primus,
1448 1029 1555 1077 lege:
1574 1032 1732 1076 praeter
1750 1029 1869 1096 alios,

276 1089 437 1126 Strada
453 1089 571 1137 prior.

213 1112 330 1198 Ραὲ.
350 1149 418 1194 69,
437 1149 514 1184 lin.
533 1157 554 1184 ι
571 1150 608 1184 et
624 1157 666 1193 9,
681 1150 761 1194 pro
783 1146 1015 1194 15411ege:
1038 1154 1146 1193 1549

219 1210 330 1257 Pag.
340 1218 435 1253 141,
455 1209 530 1244 lin.
550 1208 590 1250 8,
604 1210 683 1255 pro
704 1215 810 1253 1552,
825 1206 927 1254 lege:
949 1205 1055 1252 1553.

222 1269 331 1357 ¹APag.
355 1277 444 1314 193,
467 1268 544 1303 lin.
569 1276 626 1310 Η,
646 1271 725 1315 pro
750 1265 975 1301 «Ludovico
1001 1265 1262 1318 Goncalves»,
1277 1267 1391 1314 lege:
1415 1265 1698 1303 «Gundisalvo
1721 1268 1769 1303 de
1788 1266 1870 1303 Sil·-

267 1328 449 1363 veira».

221 1350 331 1435 bag.
349 1395 441 1431 209,
461 1386 535 1422 lin.
555 1385 592 1427 6,
608 1388 686 1433 pro
705 1384 933 1432 Compania
955 1385 1007 1421 Se
1025 1390 1137 1421 torna
1154 1384 1248 1420 Luis
1266 1384 1464 1431 Goncales
1487 1387 1602 1433 aqua,
1627 1397 1654 1432 y
1671 1385 1722 1421 D.
1741 1385 1870 1421 Theo-

292 1445 415 1491 tonio,
435 1445 537 1493 lege:
552 1445 782 1492 Compania,
798 1444 831 1480 si
845 1444 951 1491 [ms.,
965 1455 1018 1480 se.
1023 1444 1162 1491 ]torna
1176 1443 1270 1480 Luis
1285 1444 1481 1490 Goncales
1495 1446 1609 1492 aqua.
1624 1445 1660 1480 Y
1674 1445 1726 1481 D.
1741 1445 1870 1480 Theo-

296 1504 451 1541 toni0‚..

222 1565 332 1612 Pag.
360 1572 441 1609 307,
467 1564 512 1599 in
542 1566 682 1600 annot.
715 1573 749 1606 Ι,
780 1565 875 1600 haec
904 1564 1114 1599 addenda:
1143 1564 1312 1599 Exstant
1341 1562 1502 1610 insuper
1529 1563 1645 1610 hujus
1676 1563 1870 1610 epistolae

293 1628 480 1670 excerpta
498 1622 700 1670 hispanice
719 1623 878 1671 scripta,
899 1628 940 1658 et
963 1634 985 1658 a
1007 1623 1179 1659 Polanco
1203 1622 1425 1670 emendata,
1450 1622 1492 1658 in
1515 1623 1647 1671 Epist.
1672 1622 1816 1659 Natal.
1836 1622 1870 1670 1,

292 1682 439 1730 triplici
456 1682 541 1727 fol„
560 1692 607 1718 20
624 1683 725 1730 (198,
747 1691 829 1730 199,
848 1686 958 1728 200);
979 1688 1019 1719 et
1037 1683 1113 1718 alia
1130 1682 1313 1718 breviora
1329 1687 1516 1730 excerpta
1538 1682 1704 1730 hispano
1723 1681 1871 1729 pariter

293 1754 475 1778 sermone
493 1743 730 1790 conscripta,
749 1742 862 1789 ibid.,
881 1742 1028 1789 duplici
1046 1742 1114 1778 fol.
1135 1751 1194 1788 24.

221 1802 326 1850 Pag.
350 1802 433 1848 318,
453 1803 528 1838 lin.
547 1811 592 1848 13
610 1803 659 1838 ab
676 1803 772 1844 imo,
787 1805 878 1849 post
894 1803 1061 1838 verbum
1079 1801 1240 1847 ornado,
1259 1802 1378 1838 adde:
1397 1802 1483 1848 [sic‚
1493 1804 1573 1849 pro
1591 1800 1816 1847 ordenadol.

222 1862 330 1909 Pag.
353 1871 438 1910 334,
461 1862 535 1897 lin.
556 1870 591 1907 7,
606 1865 684 1909 pro
703 1862 998 1908 commentaria,
1016 1862 1118 1909 lege:
1137 1861 1280 1897 studia.

220 1920 328 1968 Pag.
350 1919 434 1966 367,
454 1920 529 1955 lin.
550 1929 585 1966 3,
600 1923 679 1967 pro
698 1919 937 1966 JACOBUS
956 1919 1167 1966 LAINEZ,
1182 1919 1283 1967 lege:
1302 1919 1498 1965 JOANNES
1516 1927 1573 1953 DE
1590 1918 1796 1954 Pommco
1814 1928 1866 1953 ex

290 1979 568 2015 commissione
586 1980 630 2014 P.
651 1979 862 2015 LAINEZ.

218 2039 326 2087 Pag.
348 2039 439 2085 369,
458 2039 534 2075 lin.
553 2038 614 2082 16,
636 2039 703 2075 ubi
719 2040 818 2075 dicit
837 2040 1033 2086 JOANNES
1051 2047 1107 2075 DE
1124 2038 1343 2084 POLANCO‚
1361 2037 1481 2076 adde.-
1505 2049 1555 2073 ex
1573 2035 1868 2073 commissione.

217 2098 327 2147 Pag.
346 2107 434 2144 700,
455 2099 529 2135 lin.
549 2107 613 2144 19,
628 2102 706 2146 pro
724 2098 834 2145 [Luis
855 2098 1110 2145 Goncalves],
1129 2098 1232 2145 lege:
1251 2096 1414 2144 [Miguel
1432 2096 1482 2132 de
1499 2095 1673 2142 Torres].
