2028 3484
271 266 339 304 308
846 263 985 305 Ems’r.
1013 261 1057 303 P.
1085 263 1345 314 NADAL—78

272 371 379 428 legij
404 371 449 414 d’
475 371 601 415 Italia
623 375 649 415 a
671 372 829 415 Roma.
857 369 994 416 Stetti
1015 369 1096 426 pisi
1117 369 1162 412 di
1190 370 1341 426 quello
1369 371 1454 414 che
1481 384 1699 427 pensaua,
1730 369 1809 414 hoc
1835 374 1912 426 est,

273 449 346 492 dal
367 448 511 505 primo
533 448 579 492 di
602 448 790 506 Maggio
811 449 875 492 fin
897 463 923 492 a
944 446 1070 492 venti
1091 445 1137 488 di
1158 446 1366 504 Giugno,
1386 453 1514 504 parte
1535 462 1616 504 per
1637 447 1808 505 negotij
1838 449 1912 494 del

271 525 481 584 collegio,
507 533 636 584 parte
656 541 736 583 per
757 532 930 583 spettar
950 540 1000 569 se
1021 523 1250 569 riceuesse
1269 524 1432 570 lettere
1453 525 1572 570 della
1594 526 1648 569 P.
1674 526 1752 579 V.,
1783 532 1911 583 parte

270 618 351 661 per
387 604 528 648 veder
559 603 597 647 si
633 602 883 648 intendessi
910 603 1074 646 alcuna
1100 615 1207 646 cosa
1232 601 1351 646 della
1378 608 1551 647 venuta
1578 602 1653 647 del
1678 618 1743 648 re.
1774 602 1910 661 Dipoi

269 681 386 724 finiti
414 680 444 723 li
473 680 652 738 negocij
682 679 942 736 necessarij,
975 685 1021 724 et
1049 685 1231 735 passato
1259 678 1291 721 il
1318 686 1471 736 tempo
1501 680 1577 724 nel
1607 680 1714 736 qual
1743 686 1911 737 poteua

269 760 413 803 hauer
434 758 642 803 riceuuta
662 757 871 815 risposta,
897 763 943 802 et
963 757 1165 813 sapendo
1186 757 1288 801 chel
1309 772 1358 801 re
1385 771 1477 799 non
1504 749 1652 802 hauea
1679 758 1737 802 da
1759 764 1912 802 tornar

271 843 397 880 tanto
419 842 588 893 presto,
614 842 659 881 et
681 835 1003 892 specialmente
1024 834 1191 890 perche
1213 840 1394 879 restano
1415 833 1446 876 li
1468 834 1646 891 negocij
1668 835 1726 878 da
1754 841 1914 879 trattar

270 914 341 957 col
362 929 411 958 re
433 928 460 957 a
482 915 575 958 M.0
600 912 801 966 Canisio,
826 912 858 955 11
879 912 985 968 qual
1005 913 1066 955 ha
1086 911 1226 955 molta
1247 910 1443 955 autorita
1458 925 1545 955 con
1562 926 1645 955 sua
1660 914 1848 966 maesta,
1868 920 1915 958 et

270 991 301 1033 11
324 992 419 1034 fara
441 990 609 1048 meglio
630 989 676 1033 di
697 1005 787 1044 me,
812 997 857 1035 et
884 1004 976 1033 non
1005 1003 1089 1032 son
1116 988 1298 1046 negocij
1330 1003 1411 1046 per
1438 988 1607 1046 potersi
1630 989 1697 1033 far
1724 989 1769 1033 in
1799 994 1915 1047 poco

272 1075 440 1126 tempo,
466 1074 512 1113 et
533 1069 668 1111 etiam
691 1083 742 1113 se
763 1082 945 1124 paresse
966 1067 1053 1110 alla
1077 1068 1130 1110 P.
1156 1067 1214 1111 V.
1236 1067 1308 1109 ch’
1328 1065 1374 1110 io
1390 1068 1586 1112 hauesse
1601 1067 1660 1111 da
1676 1069 1848 1111 tornar’
1867 1067 1915 1112 in

272 1145 535 1200 Germania,
560 1146 697 1190 credo
723 1160 847 1190 esser
875 1144 985 1188 vtile
1006 1159 1087 1201 per
1114 1144 1158 1188 16
1184 1157 1291 1188 6036
1318 1138 1364 1186 di
1395 1144 1545 1199 quelle
1566 1143 1736 1188 nationi
1763 1145 1839 1188 ch’
1868 1132 1915 1189 io

272 1223 390 1268 veda
410 1224 453 1267 la
476 1225 528 1267 P.
556 1224 634 1276 V.,
661 1229 706 1267 et
727 1237 778 1267 se
799 1224 992 1266 hauesse
1013 1227 1211 1278 spettato
1232 1220 1263 1263 il
1284 1236 1334 1266 re
1355 1221 1402 1264 in
1424 1220 1603 1266 Vienna
1629 1222 1769 1266 molto
1798 1228 1915 1267 tem-

274 1315 348 1358 po,
372 1307 545 1346 venuto
568 1301 609 1344 al
630 1300 694 1343 fin
716 1300 834 1344 della
856 1306 988 1354 state,
1014 1314 1106 1343 non
1127 1312 1269 1356 penso
1290 1300 1364 1342 ch’
1397 1300 1593 1344 hauesse
1619 1306 1779 1356 potuto
1799 1299 1914 1345 libe-

274 1378 408 1422 rarmi
436 1393 515 1435 per
542 1377 672 1423 venir
698 1381 724 1420 a
753 1378 911 1430 Roma,
943 1375 1211 1421 determinai
1243 1376 1445 1432 dumque
1475 1391 1556 1433 per
1586 1383 1749 1433 questa
1778 1391 1916 1422 causa

275 1455 495 1513 partirmi,
520 1455 732 1500 lassando
752 1454 783 1496 il
804 1454 988 1511 miglior
1010 1453 1168 1498 ordine
1189 1455 1276 1498 che
1296 1453 1486 1510 possetti
1507 1453 1555 1497 in
1577 1454 1682 1511 quel
1703 1453 1913 1512 collegio,

276 1534 350 1578 del
372 1533 505 1590 quale
527 1548 552 1577 e
568 1533 612 1575 d’
633 1531 742 1589 ogni
759 1545 865 1575 cosa
882 1530 1140 1588 particular’
1160 1532 1220 1574 ho
1236 1531 1280 1574 13
1296 1530 1426 1588 copia
1442 1545 1530 1575 con
1545 1546 1690 1577 meco.
1711 1533 1788 1576 Ho
1802 1547 1917 1590 pen-

277 1617 391 1663 sato,
418 1611 582 1663 Padre,
606 1611 749 1654 hauer
771 1609 1000 1666 seguitato
1021 1609 1065 1652 la
1086 1609 1274 1652 volunta
1295 1608 1413 1653 della
1435 1610 1489 1652 P.
1516 1609 1575 1653 V.

367 1700 408 1731 2.
475 1688 571 1732 Son
595 1686 755 1744 gionto
775 1686 822 1729 in
845 1693 1006 1742 questa
1028 1685 1138 1730 citta
1159 1701 1186 1730 a
1207 1698 1235 1741 4
1256 1686 1331 1730 del
1352 1693 1563 1743 presente
1579 1701 1667 1731 con
1683 1687 1774 1732 due
1789 1701 1916 1731 com-

279 1764 417 1822 pagni
441 1764 659 1809 todeschi.
686 1765 739 1808 L’
763 1778 854 1807 vno
876 1779 902 1808 e
924 1764 1168 1808 Lamberto
1193 1764 1223 1817 ¹,
1248 1763 1280 1806 il
1303 1764 1409 1819 qual
1430 1778 1564 1809 meno
1586 1765 1753 1822 perche
1775 1763 1918 1808 faccia

280 1843 420 1885 frutto
443 1842 518 1886 nel
539 1840 732 1898 collegio
755 1847 911 1884 nostro
933 1839 979 1883 di
1000 1842 1146 1884 Roma
1167 1855 1248 1898 per
1269 1839 1391 1898 dipoi
1413 1847 1543 1898 poter
1564 1840 1711 1885 aiutar
1728 1856 1754 1885 3
1768 1841 1919 1897 quella

279 1919 442 1963 misera
464 1918 725 1963 Germania.
752 1919 804 1962 L’
829 1918 942 1962 altro
965 1932 1225 1975 compagno
1242 1919 1269 1962 6
1290 1919 1396 1974 quel
1425 1919 1677 1972 sacerdote,
1713 1919 1786 1964 del
1813 1919 1920 1974 qual

280 1997 431 2039 hanno
454 1995 612 2039 scritto
633 1995 738 2039 nell'
763 1994 920 2039 vltime
941 1995 1028 2038 alla
1051 1997 1103 2038 P.
1131 1996 1209 2048 V.,
1234 1995 1266 2038 il
1287 1996 1421 2052 quale
1442 2010 1577 2041 meno
1598 1995 1645 2039 in
1666 2002 1794 2053 parte
1815 2010 1920 2053 per-

281 2074 365 2116 che
378 2067 453 2116 vsia
475 2072 646 2116 aiutato
669 2079 714 2117 et
735 2072 889 2116 leuato
910 2072 968 2117 de
989 2071 1187 2128 pericolo
1208 2072 1243 2131 ³,
1268 2079 1315 2117 et
1335 2087 1415 2130 per
1435 2080 1565 2131 poter
1586 2074 1681 2117 dar’
1704 2089 1766 2116 vn
1788 2073 1921 2116 scrit-

354 2200 364 2220 1
418 2199 491 2232 «P.
511 2198 565 2233 D.
588 2198 822 2233 Lambertus
840 2198 965 2233 Auer.
986 2197 1046 2233 Ne
1065 2196 1086 2233 a
1104 2197 1365 2246 Papemberg,
1384 2198 1539 2246 d'apres
1554 2198 1718 2246 Sotwel,
1734 2210 1783 2235 ou
1800 2197 1822 2236 a
1847 2199 1923 2234 Ro-

280 2258 475 2303 tenbourg
493 2258 659 2304 (Tyrol),
678 2257 834 2304 d'apres
853 2257 1051 2304 Sacchini,
1070 2257 1096 2293 il
1115 2257 1175 2293 ffit
1192 2269 1284 2304 recu
1308 2270 1358 2293 en
1386 2266 1491 2305 1551,
1516 2270 1585 2306 par
1603 2259 1665 2294 163
1688 2258 1764 2294 ΡΡ.
1790 2258 1923 2294 Pierre

281 2317 463 2354 Canisius
482 2322 522 2353 et
539 2317 697 2353 Nicolas
716 2317 946 2363 Goudanus,
964 2316 985 2352 a
1003 2317 1238 2364 Ingolstadt‚
1257 2323 1298 2354 et
1311 2323 1422 2354 entra
1440 2329 1489 2354 au
1506 2318 1678 2354 noviciat
1691 2317 1740 2354 de
1755 2318 1923 2363 Vienne3

280 2376 306 2412 il
324 2377 369 2412 fit
388 2388 451 2412 ses
468 2376 607 2412 etudes
626 2388 675 2412 au
693 2376 856 2422 College
874 2377 1039 2412 Romain
1058 2382 1113 2424 et,
1138 2388 1188 2412 en
1214 2377 1318 2422 1558,
1343 2378 1493 2413 soutint
1515 2378 1586 2413 des
1615 2378 1748 2414 theses
1777 2377 1925 2413 devant

280 2438 337 2472 les
356 2438 551 2472 membres
569 2436 673 2472 dela
696 2437 888 2483 premiere
918 2436 1213 2483 Congregation
1243 2437 1452 2473 Generale.
1484 2438 1659 2473 Premier
1687 2442 1843 2474 recteur
1871 2436 1922 2472 du

279 2497 431 2542 college
449 2496 498 2531 de
517 2497 707 2543 Mayence
726 2507 775 2531 en
798 2496 903 2543 1561,
922 2496 947 2532 il
966 2509 992 2543 y
1010 2497 1054 2532 fit
1071 2509 1114 2532 sa
1131 2497 1352 2544 profession
1370 2509 1420 2533 en
1441 2496 1544 2542 1563.
1564 2498 1595 2534 Il
1611 2509 1872 2545 accompagna
1887 2499 1922 2533 le

280 2556 450 2592 cardinal
470 2555 740 2592 Commendon
759 2556 855 2591 dans
874 2568 916 2591 sa
934 2557 1108 2603 legation
1126 2569 1176 2593 en
1195 2558 1428 2604 Allemagne
1447 2563 1487 2593 et
1505 2562 1587 2605 eut,
1605 2558 1779 2605 pendant
1795 2569 1841 2593 ce
1859 2568 1923 2593 vo-

280 2627 396 2662 yage,
415 2615 485 2651 des
503 2615 681 2663 disputes
699 2615 907 2662 publiques
926 2628 1022 2652 avec
1040 2616 1110 2652 des
1134 2617 1373 2664 heretiques.
1395 2617 1546 2664 Appele
1571 2617 1592 2653 3
1621 2618 1745 2653 Rome
1768 2629 1866 2665 pour
1888 2618 1924 2653 la

282 2676 482 2711 troisieme
513 2675 809 2721 Congregation
837 2676 1033 2712 Generale
1064 2689 1113 2713 en
1147 2676 1252 2724 1573,
1283 2677 1308 2712 11
1340 2682 1495 2712 mourut
1518 2676 1540 2712 ὲ
1562 2677 1702 2722 Rome,
1727 2679 1764 2714 16
1786 2687 1810 2723 4
1833 2677 1924 2724 11131,

280 2740 399 2770 avant
415 2736 561 2782 qu’elle
579 2734 639 2771 ffit
657 2735 887 2771 termine'e.»
907 2737 965 2771 Ex
984 2737 1316 2783 SOMMERVOGEL‚
1339 2737 1409 2772 Les
1417 2737 1587 2783 jesuites
1605 2739 1653 2773 de
1673 2738 1796 2773 Rome
1820 2740 1857 2774 et
1879 2738 1926 2773 de

290 2795 439 2830 Vienne
457 2807 507 2830 en
525 2794 740 2841 M.D.LX1,
759 2806 875 2841 pagg.
908 2805 1010 2831 XXXI
1040 2801 1080 2831 et
1111 2796 1678 2843 xxxll.-Rottenburgensem
1703 2796 1827 2833 fuisse
1857 2797 1928 2832 Pa-

283 2859 382 2889 trem
402 2854 509 2889 Auer
528 2855 694 2890 affirmat
711 2865 800 2889 cum
818 2854 1040 2891 SACCHINO
1059 2855 1294 2896 AGRICOLA,
1314 2856 1471 2892 Histor.
1503 2857 1694 2893 Provinc.
1730 2856 1926 2893 German.

283 2914 444 2960 Super„
465 2915 514 2949 D.
534 2914 586 2960 ΙΙ,
605 2926 643 2949 n.
667 2922 746 2958 127:
768 2919 807 2949 et
821 2913 919 2949 Cod.
935 2915 1074 2961 Antiq.
1088 2915 1260 2962 Ingolst.
1277 2915 1380 2962 apud
1394 2916 1751 2961 BRAUNSBERGER,
1769 2916 1929 2953 Canisii

283 2973 429 3020 Epist„
450 2974 481 3020 Ι,
500 2972 584 3020 380,
603 2974 657 3009 ait
676 2985 765 3008 eum
784 2979 917 3009 natum
936 2974 1058 3010 fuisse
1077 2974 1117 3009 in
1136 2975 1328 3021 tyrolensi
1345 2975 1547 3011 comitatu.

353 3034 367 3053 ²
417 3034 476 3068 Ex
494 3032 602 3068 hisce
621 3032 753 3068 verbis
771 3033 898 3068 Patris
917 3034 1040 3069 Nadal
1061 3033 1250 3081 suspicari
1268 3034 1361 3070 licet
1378 3035 1482 3071 hunc
1499 3035 1655 3071 Patrem
1674 3035 1925 3072 Ambrosium

277 3091 357 3138 jam
376 3093 425 3127 ab
443 3104 544 3127 anno
566 3100 654 3137 1555
673 3091 712 3127 in
730 3104 800 3128 sua
818 3093 1024 3129 vocatione
1043 3093 1264 3141 vacillasse,
1283 3105 1328 3130 36
1349 3100 1486 3142 postea
1510 3094 1550 3131 in
1577 3106 1623 3130 ea
1646 3094 1855 3144 defecisse,
1880 3101 1924 3132 ut
