2046 3510
254 313 337 345 Lxx
756 307 1010 344 PROOEMIUM
1037 315 1151 343 PRIMI
1177 313 1405 344 vommms

347 412 460 467 Pag.
494 421 590 465 170.
621 410 762 454 «Alae
783 410 901 454 duae
924 409 1182 465 Societatis,
1208 417 1315 454 sunt
1337 416 1488 467 partes
1511 408 1768 463 Societatis,
1789 421 1906 466 quae

255 487 302 531 in
324 487 452 532 India
473 494 519 532 et
541 488 788 533 Germania
809 488 856 531 in
879 487 1097 532 auxilium
1115 488 1367 532 animarum
1385 488 1657 532 incumbunt
1677 488 1687 509 ¹
1707 486 1755 531 in
1771 486 1906 535 Chri-

256 572 327 612 sto
343 567 471 624 Jesu,
496 580 550 610 ac
571 568 832 623 prouehunt
855 565 1096 611 Societatis
1118 581 1328 623 corpus.»

347 645 462 701 Pag.
496 644 708 699 182—183.
739 642 965 700 «Quidam
999 643 1175 704 [Nadal]
1203 643 1249 686 in
1278 658 1333 688 eo
1361 650 1459 688 erat
1487 650 1626 697 totus,
1657 650 1707 687 vt
1734 644 1905 688 subue›

257 721 432 766 niretur
468 721 759 775 Germaniae,
790 728 837 766 et
868 721 1051 765 missam
1084 736 1138 765 eo
1170 721 1412 779 dirigebat:
1443 721 1586 766 sensit
1612 721 1660 765 in
1686 721 1908 779 principio

216 838 218 840 .
258 800 438 854 missae,
464 807 509 844 et
539 801 633 844 fere
660 815 741 857 per
770 807 911 843 totam
939 799 1139 853 missam,
1166 800 1289 857 quod
1317 802 1463 857 Xpus.
1496 799 1593 857 ipse
1623 799 1817 858 praeiret
1845 799 1908 844 illi

256 878 391 923 simul
413 878 459 923 in
481 878 701 932 oratione,
727 885 772 922 et
794 877 1060 935 praesertim
1077 877 1125 922 in
1142 877 1347 922 oratione
1362 877 1589 923 dominica
1605 884 1650 922 et
1666 877 1905 932 sacrificio,

261 956 390 1014 quasi
418 956 647 1000 infirmum
675 971 725 1000 se
751 963 797 1001 et
831 957 1116 1013 despectum,
1147 963 1194 1000 et
1222 956 1352 1013 quasi
1389 956 1636 1014 patientem
1664 957 1910 1002 ostendens

263 1034 401 1079 Patri.
435 1034 589 1080 Sensit
615 1034 724 1078 item
753 1035 937 1088 selecte,
969 1034 1160 1092 gloriam
1188 1034 1275 1079 Dei
1303 1049 1463 1092 puram
1490 1034 1538 1078 in
1566 1034 1835 1089 Germania,
1866 1041 1912 1078 et

261 1127 378 1169 quae
400 1127 513 1170 pure
534 1119 604 1156 est
625 1112 941 1166 desideranda,
972 1111 1019 1156 in
1047 1112 1276 1157 suauitate
1307 1113 1503 1169 quadam
1531 1111 1748 1157 claritatis
1775 1111 1912 1155 lumi-

262 1190 348 1245 nis,
375 1205 492 1248 quae
512 1205 693 1235 omnem
710 1189 933 1235 haeresim
957 1197 1078 1235 esset
1100 1191 1344 1248 expulsura
1366 1190 1413 1234 in
1435 1193 1575 1249 Xpo.,
1607 1189 1682 1236 cui
1710 1196 1780 1235 est
1807 1189 1912 1235 infi-

262 1269 358 1313 nita
380 1284 432 1313 ac
453 1269 731 1326 sempiterna
752 1268 912 1327 gloria.
939 1270 1135 1313 Amen.»
1633 1310 1637 1313 .

352 1349 421 1392 Ex
441 1347 513 1391 his
535 1347 745 1392 sensibus
767 1347 1079 1405 spiritualibus
1100 1347 1263 1392 melius
1285 1347 1600 1405 intelligentur
1627 1362 1697 1402 ea,
1729 1362 1846 1404 quae
1866 1347 1913 1391 in

262 1425 466 1484 epistolis
493 1425 600 1470 anni
638 1436 765 1481 1555,
796 1427 883 1470 hac
911 1427 968 1470 de
995 1440 1045 1470 re
1070 1425 1238 1483 passim
1265 1425 1578 1472 inveniuntur.
1605 1425 1683 1471 Sic
1710 1440 1830 1483 v..g.
1858 1439 1914 1482 30

265 1503 416 1549 Martii
454 1514 563 1560 1555
598 1503 902 1549 miserabilem
932 1503 1207 1548 Germaniae
1243 1510 1413 1547 statum
1441 1503 1620 1561 Ignatio
1648 1516 1915 1561 repraesen-

266 1589 382 1637 tans,
408 1583 521 1626 haec
543 1581 773 1626 labacensi
796 1581 995 1638 praesuli
1017 1596 1067 1626 se
1087 1581 1256 1626 dixisse
1272 1588 1611 1626 commemorat:
1636 1596 1755 1625 «non
1771 1581 1809 1625 si
1824 1583 1916 1639 puo

263 1659 429 1704 'mirare
450 1660 576 1703 nulla
597 1667 725 1717 parte
746 1674 796 1704 se
818 1675 910 1703 non
932 1675 1019 1704 con
1040 1659 1225 1704 lacrime
1247 1660 1422 1717 grande
1443 1666 1489 1705 et
1510 1659 1825 1717 compassione
1846 1659 1917 1709 in-

267 1738 440 1782 finita.»
468 1739 525 1781 Et
546 1737 781 1782 mensibus
804 1737 976 1795 Aprilis
1004 1744 1050 1782 et
1071 1737 1180 1796 Julii
1204 1738 1408 1794 ejusdem
1432 1737 1554 1791 anni,
1579 1737 1739 1782 intimo
1768 1738 1918 1787 cordis

266 1831 406 1860 sensu
428 1816 627 1871 dolebat,
657 1816 849 1860 «vedere
872 1831 963 1860 una
985 1815 1170 1860 natione
1192 1822 1320 1859 tanto
1342 1816 1516 1874 grande
1538 1822 1584 1860 et
1610 1814 1762 1859 nobile
1790 1829 1919 1860 come

269 1900 446 1950 questa,
472 1891 659 1938 lasciata
688 1894 734 1937 d’
765 1893 972 1951 ogniuno
1002 1891 1049 1937 et
1075 1894 1184 1937 data
1213 1894 1265 1938 in
1292 1894 1598 1952 depastionem
1620 1893 1636 1915 ⁸
1659 1893 1734 1937 del
1760 1893 1918 1938 demo-

269 1971 391 2018 nio.»
417 1973 476 2016 Et
496 1973 631 2030 paulo
653 1978 760 2016 ante
783 1971 959 2016 felicem
989 1971 1165 2015 obitum
1193 1971 1339 2016 sancti
1368 1970 1549 2029 Ignatii,
1575 1970 1622 2014 in
1650 1970 1840 2029 epistola
1862 1972 1919 2015 ad

271 2049 420 2107 ipsum
442 2064 599 2094 mense
620 2049 744 2109 Julio
772 2050 884 2106 1556
911 2050 1038 2103 data,
1071 2049 1138 2094 sic
1166 2050 1288 2107 apud
1313 2048 1658 2095 dilectissimum
1685 2041 1918 2106 parentem

265 2126 430 2171 intima
452 2127 601 2172 cordis
623 2142 757 2172 sensa
778 2127 1029 2185 promebat:
1060 2129 1158 2172 «No
1180 2142 1230 2171 se
1252 2142 1326 2173 me
1347 2122 1503 2184 iguala
1524 2118 1807 2171 consolation
1831 2131 1857 2180 a
1879 2127 1922 2170 la

274 2220 363 2262 que
383 2205 496 2249 Dios
518 2220 590 2250 me
611 2206 670 2250 da
691 2207 873 2263 quando
896 2221 981 2250 veo
1004 2196 1182 2262 crescer
1203 2207 1246 2249 la
1269 2206 1554 2262 Compagnia
1574 2219 1629 2248 en
1648 2205 1887 2249 Al-amafia.
1900 2223 1917 2245 »

363 2282 439 2327 Nil
466 2283 608 2341 igitur
640 2283 805 2327 mirum
834 2284 956 2340 quod
986 2286 1037 2328 B.
1078 2283 1292 2328 Canisius
1327 2285 1511 2327 Patrem
1546 2283 1693 2327 Nadal
1728 2282 1923 2339 appellet

279 2368 461 2405 «nostro
482 2368 731 2418 protettore
753 2368 799 2406 et
826 2362 965 2419 padre
996 2360 1320 2418 specialissimo
1343 2362 1406 2415 ³»,
1432 2367 1477 2405 et
1500 2359 1634 2404 toties
1661 2359 1781 2403 illius
1811 2374 1922 2417 ope-

276 2454 371 2483 ram
394 2454 420 2483 a
443 2441 536 2483 ΡΡ.
564 2439 855 2496 generalibus
876 2455 958 2497 pro
980 2455 1064 2484 sua
1090 2438 1336 2484 Germania
1357 2438 1683 2482 instantissime
1703 2429 1919 2495 postulet.

277 2518 410 2573 Quae
430 2524 554 2561 certe
575 2516 743 2570 omnia,
769 2517 946 2573 aliaque
968 2533 1061 2562 non
1082 2517 1233 2560 minus
1244 2517 1452 2573 jucunda
1468 2515 1711 2573 provinciis
1727 2516 1921 2559 Germa-

276 2594 393 2648 niae,
426 2595 687 2651 frequenter
715 2602 962 2638 occurrunt
989 2594 1162 2652 legenti
1191 2593 1404 2651 epistolas
1433 2595 1486 2637 Ρ.
1518 2593 1687 2646 Nadal,
1706 2593 1800 2637 -sed
1831 2593 1922 2636 fre—

278 2671 493 2727 quentius
514 2672 797 2730 reperientur
819 2666 866 2715 in
888 2672 1096 2729 sequenti
1118 2670 1365 2725 volumine,
1391 2669 1470 2714 ubi
1496 2669 1675 2727 plenius
1702 2670 1760 2713 de
1786 2670 1923 2713 rebus

277 2748 552 2794 Germaniae
572 2749 620 2794 in
641 2750 842 2795 secunda
867 2749 1015 2795 Patris
1037 2749 1183 2795 Nadal
1204 2747 1463 2792 visitatione
1480 2746 1844 2808 pertractabitur.

356 2975 363 2995 ¹
416 2974 505 3021 Ms.,
526 2974 569 3009 in
587 2974 837 3015 incumbunt,
857 2985 987 3009 errore
1007 2971 1167 3009 librarii.

352 3033 367 3057 ²³
417 3034 507 3080 Ms.,
525 3034 820 3082 depaptionem.

353 3094 366 3114 ³
417 3093 517 3129 Vide
535 3094 892 3138 BRAUNSBERGER,
915 3092 1073 3129 Canisii
1091 3093 1221 3142 epist„
1243 3092 1294 3137 ΙΙ,
1315 3100 1398 3138 200,
1423 3089 1463 3126 in
1481 3089 1559 3126 fine
1577 3088 1767 3138 epistolae
1786 3089 1829 3124 B.
1851 3087 1922 3125 Ca-

283 3151 373 3190 nisii
391 3152 440 3188 ad
458 3153 487 3187 P
522 3152 660 3196 Nadal,
681 3151 702 3187 3
720 3153 836 3188 Febr.
860 3152 962 3197 1558.
