2060 3490
788 264 830 291 21
859 254 1079 293 Ocromus
1109 264 1202 301 1552
1753 259 1828 295 133-

155 357 225 401 de
247 371 440 414 persone
462 355 722 410 miserabili,
747 370 829 413 per
855 357 899 400 le
920 357 1055 412 quale
1076 356 1333 414 bisognaua
1354 358 1520 414 parlar'
1551 365 1597 402 et
1625 359 1821 404 interce-

112 420 114 422 ·
162 435 266 478 der'
289 448 378 478 con
400 434 496 478 Sua
518 435 674 486 Exc.a,
694 439 740 478 et
756 434 903 477 anche
919 447 999 490 per
1014 447 1209 490 persone
1225 433 1419 490 potenti,
1441 434 1516 478 alli
1533 435 1658 491 quali
1674 451 1766 480 non
1783 438 1820 480 si

169 517 303 569 potea
323 512 502 568 negar',
527 516 574 554 et
595 510 690 554 cosi
711 524 805 554 non
826 511 903 565 ho,
927 510 986 554 ne
1013 508 1264 566 predicato,
1295 511 1355 555 ne
1383 511 1495 555 letto
1522 510 1570 554 in
1601 512 1816 566 Messina,

155 589 227 632 ‘ne
247 588 508 632 confessato
530 601 673 631 senon
693 589 840 644 poche
859 601 1052 644 persone
1071 587 1190 630 oltra
1211 587 1285 631 del
1306 586 1475 641 vicere,
1502 587 1534 631 il
1555 595 1691 632 conte
1711 597 1757 633 et
1778 591 1821 634 13

158 671 401 718 contessa,
435 671 483 708 et
512 665 556 708 la
589 670 730 722 gente
763 664 809 708 di
837 679 965 719 casa,
996 670 1043 708 et
1079 664 1276 708 uolendo
1309 664 1466 708 lassar'
1499 680 1592 709 vno
1624 672 1821 710 extratto

158 743 286 787 -delle
308 741 623 786 constitutioni
644 756 726 799 per
747 756 832 786 uso
853 741 900 785 di
920 742 1072 798 quello
1087 740 1300 798 collegio,
1320 756 1414 785 non
1436 743 1542 799 pote
1558 757 1609 787 se
1625 757 1718 786 non
1735 744 1817 787 far'

155 820 317 876 quelle
338 819 619 864 annotationi
641 821 727 863 che
749 818 931 863 mandai
949 820 1035 863 alla
1053 820 1107 863 P.
1129 820 1187 863 V.
1220 819 1231 840 ¹
1249 825 1297 863 et
1318 821 1471 862 tamen
1493 820 1581 864 alla
1602 827 1820 876 partenza

153 896 299 941 llassai
319 897 517 941 alchune
537 898 694 954 regole
715 912 743 941 a
762 896 1060 941 similitudine
1080 897 1139 941 de
1167 896 1501 950 constitutioni,
1526 897 1621 941 fino
1643 913 1670 941 a
1692 905 1818 941 tanto

153 976 252 1019 che
272 988 408 1031 possa
422 975 755 1018 accommodar'
773 974 817 1018 16
832 972 1165 1027 constitutioni,
1184 973 1260 1017 all'
1280 987 1364 1017 uso
1385 973 1432 1016 di
1446 973 1599 1029 questi
1615 974 1813 1031 collegii,

152 1066 295 1096 «come
315 1051 394 1109 gia
413 1053 474 1095 ho
495 1051 815 1096 comminciato
837 1052 869 1096 ².

254 1140 297 1185 5.
362 1129 417 1174 Li
438 1129 582 1174 nostri
603 1129 782 1183 nouifii,
807 1130 901 1173 fina
921 1144 949 1173 a
968 1128 1150 1182 undeci,
1177 1129 1276 1173 fece
1297 1129 1456 1173 uestir'
1474 1145 1533 1173 ue
1548 1129 1693 1173 robbe
1713 1130 1815 1172 lon-

154 1209 274 1265 ghe,
306 1208 474 1264 perche
501 1222 552 1251 se
579 1206 618 1251 si
646 1208 770 1250 fusse
797 1207 911 1250 fatto
931 1206 979 1249 in
1005 1205 1213 1250 absentia
1232 1207 1307 1250 del
1327 1205 1495 1259 vicere,
1521 1212 1703 1251 temeua
1727 1208 1816 1250 che

157 1283 350 1329 alchuni
369 1284 477 1328 delli
494 1283 623 1341 padri
643 1298 737 1328 non
758 1283 796 1328 si
819 1284 997 1328 fussero
1019 1283 1174 1336 mossi,
1199 1290 1308 1338 etc.;
1333 1299 1406 1328 ma
1426 1297 1541 1327 sono
1562 1290 1683 1327 stato
1706 1283 1812 1327 tutti

150 1363 302 1406 ‘molto
333 1361 553 1415 contenti,
589 1361 637 1404 in
666 1361 797 1404 fuora
824 1361 898 1405 del
927 1361 1068 1418 padre
1094 1361 1152 1404 de
1179 1361 1316 1405 Carlo
1342 1362 1563 1413 Faraone,
1595 1361 1638 1404 al
1675 1361 1810 1417 quale

151 1443 315 1483 -tamen
335 1439 367 1482 li
388 1441 449 1482 ho
471 1439 660 1496 parlato‚
686 1438 929 1492 satisfatto,
955 1446 1064 1492 etc.;
1083 1439 1203 1481 vltra
1218 1437 1265 1481 di
1281 1444 1446 1494 questo
1461 1452 1554 1481 non
1569 1437 1602 1481 11
1617 1439 1678 1482 110
1696 1439 1810 1481 fatto

148 1516 356 1561 scholari
376 1517 495 1560 della
523 1515 824 1573 Compagnia3
856 1515 1113 1560 altramenti
1141 1529 1200 1559 ne
1229 1517 1290 1558 ho
1319 1515 1432 1558 fatto
1460 1514 1714 1558 coadiutori
1744 1515 1810 1557 al-

148 1593 315 1647 chuni,
339 1594 552 1638 lassando
575 1600 754 1650 questo,
779 1599 826 1637 et
847 1594 993 1637 anche
1007 1593 1065 1637 de
1083 1593 1165 1636 far’
1184 1593 1382 1636 alchuno
1398 1592 1604 1649 professo
1619 1592 1708 1636 alla
1724 1606 1808 1635 ue-

157 1678 270 1716 nuta
290 1671 365 1715 del
388 1673 441 1715 P.
475 1672 587 1715 M.rO
615 1670 898 1727 Hieronymo
919 1671 1202 1714 Domenech.

247 1749 290 1792 6.
357 1750 433 1792 Ho
454 1749 624 1793 lassato
651 1750 764 1793 Μ.το
799 1747 1004 1792 Antonio
1034 1748 1050 1769 ³
1079 1754 1264 1800 rettore,
1290 1754 1336 1791 et
1364 1749 1478 1792 Μ.το
1507 1747 1764 1791 Benedetto
1792 1747 1808 1768 ⁴

149 1826 416 1870 collaterale
431 1840 519 1869 con
534 1826 579 1870 13
592 1840 677 1869 sua
692 1824 1001 1880 instruttione3
1021 1824 1279 1869 consiliario
1295 1824 1539 1878 ordinario,
1558 1825 1606 1868 M
1612 1835 1670 1868 ‚10
1693 1825 1809 1868 Cor-

145 1902 276 1947 :nelio
299 1904 314 1926 ³
336 1910 383 1947 et
405 1905 518 1948 M.r0
547 1903 801 1947 Benedetto
822 1909 868 1946 et
889 1901 1134 1946 Annibale.

246 1992 289 2035 7.
357 1980 548 2025 Predica
577 1980 829 2024 Benedetto
857 1979 1128 2024 domeniche
1155 1986 1202 2023 et
1228 1979 1361 2031 feste,
1393 1985 1440 2023 et
1467 1979 1606 2036 legge
1634 1979 1677 2022 13
1703 1979 1807 2021 dot-

145 2057 276 2101 'trina
290 2057 540 2102 christiana
551 2057 755 2110 uenerdi,
768 2063 815 2101 et
830 2058 863 2100 l’
881 2071 1004 2101 anno
1015 2063 1198 2113 passato
1213 2056 1246 2100 li
1258 2057 1357 2101 fece
1373 2070 1556 2113 passare
1572 2070 1663 2099 vno
1680 2070 1806 2099 com-

154 2134 319 2191 pendio
338 2134 385 2178 di
405 2134 557 2192 logica
577 2141 623 2178 et
645 2133 898 2191 philosopia
918 2148 999 2190 per
1018 2135 1086 2188 se,
1105 2140 1153 2178 et
1173 2134 1339 2178 alcuna
1354 2148 1462 2178 cosa
1478 2133 1537 2177 de
1553 2132 1802 2189 theologia,

154 2226 227 2255 ma
253 2226 346 2255 non
373 2211 613 2268 potendosi
640 2212 910 2268 aprofittar’,
941 2211 986 2254 lo
1015 2211 1112 2254 fece
1138 2210 1344 2254 diuertir'
1381 2211 1424 2254 al
1451 2224 1605 2268 greco:
1631 2209 1670 2253 si
1692 2210 1717 2253 e
1739 2210 1806 2253 al—

142 2295 280 2333 ·tanto
302 2289 577 2346 aprofittato:
604 2295 767 2345 questo
788 2302 909 2331 anno
930 2287 963 2330 li
982 2289 1043 2332 ho
1064 2289 1190 2331 detto
1212 2289 1297 2332 che
1319 2287 1357 2331 51
1380 2288 1529 2331 sforza
1551 2302 1578 2330 a
1601 2285 1706 2330 farsi
1723 2287 1806 2328 he—

144 2365 280 2420 breo,
296 2373 344 2409 et
359 2380 493 2422 spero
510 2368 595 2409 che
611 2365 888 2422 aprofittara,
907 2371 954 2408 et
970 2364 1209 2421 potendosi
1230 2371 1410 2408 mutare
1436 2366 1484 2407 in
1513 2365 1677 2413 alcuno
1704 2363 1805 2405 loco

143 2442 272 2486 doue
299 2442 338 2486 si
369 2443 645 2499 leggesseno
670 2443 713 2486 le
741 2441 844 2494 arti,
874 2443 935 2485 ha
960 2441 1020 2485 da
1045 2442 1187 2486 esser’
1219 2456 1311 2485 uno
1348 2442 1502 2485 buono
1534 2440 1728 2484 scholar'
1758 2445 1805 2482 et

143 2521 285 2575 {potra
319 2521 518 2563 anchora
553 2518 798 2563 studiando
824 2518 857 2561 il
885 2533 1017 2562 corso
1045 2518 1268 2575 predicar’
1296 2519 1340 2563 le
1369 2516 1638 2562 domeniehe
1666 2530 1804 2560 senza

146 2594 407 2652 dispendio.
449 2607 451 2609 “

224 2716 235 2736 ¹
287 2714 417 2750 «Cum
447 2720 554 2750 esset
583 2715 805 2762 Messanae,
835 2714 955 2751 etiam
983 2715 1086 2751 inter
1122 2714 1400 2762 occupationes
1430 2714 1574 2748 multas
1586 2741 1595 2758 ,
1625 2710 1800 2747 absolvit

151 2773 194 2809 P.
214 2774 380 2820 Natalis,
397 2786 498 2822 quae
516 2775 620 2810 circa
636 2775 941 2811 constitutiones
957 2775 1229 2821 adnotaverat,
1247 2779 1288 2810 et
1304 2773 1354 2809 ad
1371 2774 1415 2808 Ρ.
1436 2771 1633 2819 Ignatium
1651 2770 1801 2806 misit.»

139 2830 366 2880 ᾏΡοιΑΝοο,
389 2832 554 2876 ΟΙινοη.,
575 2835 628 2881 11,
648 2843 732 2881 555,
750 2847 790 2870 n.
812 2833 896 2880 342.

217 2895 232 2914 ²
283 2893 384 2929 Vide
402 2905 534 2940 supra,
553 2905 642 2941 pag.
667 2894 748 2940 130,
765 2900 898 2931 annot.
919 2903 954 2930 2.

221 2952 236 2972 ³
286 2953 330 2987 P.
352 2952 549 2988 Antonius
569 2954 715 2989 Vinck.

219 3012 235 3032 ⁴
283 3012 327 3046 P.
347 3012 589 3048 Benedictus
608 3013 799 3049 Palmius.

221 3071 236 3091 ⁵
287 3071 331 3106 P.
352 3071 560 3108 Cornelius
579 3072 837 3108 Wischaven.
