2040 3476
803 329 828 365 9
852 318 1007 355 ΜΔΕ-[ιι
1034 318 1126 364 1562
1713 317 1782 364 665

141 420 291 477 ritate,
311 436 447 479 quam
464 420 722 478 accepimus
738 421 795 465 ab
812 421 1056 465 admodum
1074 421 1187 465 Rdo.
1205 421 1252 464 in
1270 420 1456 465 Christo
1474 422 1610 465 Patre
1627 428 1783 466 nostro

142 502 278 545 Mtro.
305 500 469 544 Iacobo
485 501 685 556 Laynez,
709 497 966 556 praeposito
987 498 1192 556 generali
1212 498 1349 542 huius
1371 497 1628 551 Societatis,
1659 506 1705 543 et
1726 499 1784 544 de

141 577 240 622 eius
261 577 446 634 speciali
468 578 706 622 uoluntate
725 590 780 621 ac
796 575 1089 633 praescripto,
1108 575 1330 620 consultis
1346 574 1498 629 simul,
1518 590 1633 632 quos
1649 591 1784 633 opor-

142 654 244 708 tuit,
278 655 507 709 Patribus,
538 652 910 698 constituerimus
936 652 1217 710 prouinciam
1246 653 1488 707 Castellae,
1520 667 1610 709 qua
1636 653 1783 698 conti-

140 734 335 777 nebatur
356 733 556 778 Castella
578 739 712 776 uetus
733 746 787 776 ac
808 746 1003 789 regnum
1026 731 1294 785 toletanum,
1313 745 1419 774 cum
1435 731 1641 788 collegiis
1657 746 1784 775 mur-

123 802 271 855 'ciano
291 817 338 855 et
366 810 644 868 placentino,
675 817 859 867 propter
885 809 985 854 eius
1012 808 1391 867 magnitudinem,
1424 816 1475 853 ut
1502 809 1784 854 commodius

138 896 185 934 et
208 888 363 933 utilius
385 887 632 946 gubernari
653 887 812 945 possit,
836 886 884 930 in
905 888 1020 931 duas
1040 886 1300 944 prouincias
1327 886 1549 941 diuidere,
1581 886 1628 930 in
1646 902 1783 932 unam

137 966 311 1012 scilicet
332 967 560 1011 Castellae
577 965 763 1019 ueteris,
782 972 828 1010 et
845 965 978 1010 aliam
994 964 1126 1022 regni
1143 964 1347 1018 toletani,
1368 979 1486 1021 quae
1507 965 1783 1022 complecta-

137 1051 210 1088 tur
231 1043 475 1101 collegium
491 1043 776 1088 murcianum
797 1050 845 1088 et
859 1042 1186 1100 placentinum,
1207 1048 1344 1099 atque
1361 1042 1719 1086 commissarium
1736 1042 1783 1086 in

137 1120 361 1178 Hispania
381 1128 428 1166 et
448 1121 576 1165 India
592 1135 747 1166 creare
763 1120 1040 1179 generalem,
1061 1134 1152 1176 quo
1169 1133 1357 1164 munere
1374 1118 1508 1163 R,dus
1530 1119 1578 1163 in
1599 1120 1784 1164 Christo

122 1201 190 1244 P.
217 1201 255 1244 F
256 1198 489 1243 ranciscus
511 1200 569 1244 de
592 1198 763 1256 Borgia
784 1196 1090 1242 benemeritus
1111 1203 1182 1241 est
1197 1203 1244 1242 et
1259 1197 1546 1254 perfunctus;
1571 1212 1708 1253 quem
1725 1199 1783 1242 ad

134 1292 185 1322 se
206 1291 412 1321 summus
433 1276 639 1333 pontifex
660 1275 778 1319 binis
798 1274 941 1320 literis
962 1274 1222 1331 apostolicis
1239 1274 1440 1328 uocauit,
1461 1281 1512 1318 ut
1528 1274 1627 1319 eius
1644 1289 1782 1332 opera

136 1354 184 1398 in
205 1355 343 1399 rebus
364 1353 655 1412 grauioribus
673 1359 893 1407 uteretur;
920 1360 971 1397 tu
992 1352 1040 1396 in
1060 1352 1219 1410 primis
1236 1353 1387 1411 (quem
1411 1352 1580 1397 scimus
1597 1354 1656 1397 de
1676 1368 1781 1397 mu-

134 1447 245 1477 nere
264 1431 558 1490 prouincialis
580 1432 720 1475 totius
741 1431 968 1476 Castellae
995 1433 1219 1475 hactenus
1246 1430 1577 1475 benemeritum
1599 1444 1653 1474 ac
1674 1445 1781 1488 per-

135 1510 359 1567 functum)
397 1509 650 1563 occurristi,
682 1509 757 1553 cui
783 1523 951 1552 munus
981 1510 1070 1553 hoc
1097 1508 1394 1553 commissarii
1425 1508 1778 1565 imponeremus,

131 1595 373 1646 propterea
394 1588 517 1644 quod
538 1587 616 1631 diu
632 1588 919 1643 multumque
938 1587 1130 1645 probata
1150 1586 1283 1630 nobis
1304 1586 1364 1630 sit
1385 1594 1523 1643 atque
1544 1593 1782 1643 perspecta

134 1673 239 1710 tuae
268 1665 389 1710 uitae
416 1665 671 1723 integritas,
707 1665 930 1719 doctrina,
961 1672 1007 1709 et
1034 1665 1082 1708 in
1108 1666 1245 1709 rebus
1273 1665 1490 1722 gerendis
1518 1664 1776 1721 prudentia,

133 1757 251 1799 quae
273 1750 343 1788 est
363 1743 411 1787 in
432 1743 615 1787 Christo
636 1745 763 1801 Jesu.
790 1745 857 1787 Te
877 1742 1035 1800 igitur,
1063 1745 1200 1787 Pater
1221 1742 1399 1786 Antoni
1421 1744 1589 1797 Araoz,
1614 1743 1779 1786 autho—

134 1820 267 1865 ritate
288 1820 519 1877 praedicta
539 1820 897 1865 commissarium
914 1821 1175 1878 generalem
1198 1820 1338 1864 totius
1361 1819 1610 1877 Hispaniae
1637 1827 1684 1865 et
1704 1821 1780 1863 In-

134 1897 311 1942 diarum
328 1898 540 1955 eligimus
562 1905 609 1943 et
629 1898 948 1942 constituimus
969 1898 1016 1941 in
1038 1898 1221 1943 nomine
1244 1898 1393 1942 Patris
1415 1905 1462 1942 et
1487 1897 1590 1942 Filii
1611 1904 1658 1942 et
1674 1897 1780 1954 Spi-

133 1975 247 2019 ritus
269 1975 442 2020 Sancti.
469 1977 635 2020 Amen.
662 1978 908 2020 Precamur
932 1991 1042 2021 uero
1057 1975 1145 2021 Dei
1161 1975 1430 2033 sapientiam
1445 1982 1492 2019 et
1508 1974 1775 2027 bonitatem,

132 2059 183 2096 ut
206 2059 250 2096 te
271 2052 319 2097 in
355 2052 567 2097 omnibus
588 2053 813 2098 illustrare
849 2069 933 2098 sua
954 2053 1103 2111 gratia
1138 2065 1185 2098 et
1222 2053 1420 2111 dirigere
1455 2053 1689 2110 dignetur,
1722 2053 1779 2096 ad

66 2188 68 2190 V
132 2130 347 2174 maiorem
375 2145 486 2175 suae
514 2131 698 2176 diuinae
727 2131 977 2176 Maiestatis
998 2133 1218 2176 honorem
1246 2138 1292 2176 et
1322 2130 1530 2188 gloriam,
1561 2129 1778 2175 maiorem

131 2207 384 2251 animarum
402 2209 619 2262 fructum,
640 2216 686 2254 et
701 2209 838 2252 huius
854 2209 1067 2253 minimae
1086 2209 1327 2255 Societatis
1359 2208 1506 2252 maius
1522 2208 1778 2252 incremen-

139 2292 252 2329 tum.
278 2287 449 2330 Datum
472 2286 724 2343 Compluti,
749 2286 822 2331 die
843 2302 965 2330 nona
987 2287 1139 2331 Martii
1161 2288 1424 2331 MDLXII.0

478 2364 507 2422 †
540 2365 870 2409 HIERONYMUS
902 2366 1138 2418 NATALIS,
1173 2364 1530 2409 commissarius.
1566 2362 1596 2422 †

998 2423 1028 2482 ΔΓ
