2066 3490
890 295 1095 341 1545-1546
1769 295 1816 332 23

159 412 288 443 meae
315 397 584 452 vocationis,
610 398 961 451 consolationes,
987 397 1307 452 constantiam3
1334 399 1557 455 rogabam
1586 404 1637 441 vt
1659 413 1817 442 omnes

159 475 268 520 boni
289 476 597 521 consulerenn
627 475 677 521 Si
703 490 813 520 vero
841 482 963 519 esset
990 474 1101 518 mihi
1129 474 1175 518 in
1204 477 1292 519 hac
1319 489 1370 519 re
1391 475 1630 528 molestus,
1665 476 1817 519 factu—

162 568 264 597 rum
284 560 335 596 vt
355 567 590 609 nunquam
613 554 671 596 ad
692 568 772 597 eos
799 553 1046 597 scriberem
1074 567 1159 597 nec
1187 554 1245 596 ad
1273 552 1481 610 patriam:
1515 561 1668 596 tamen
1696 567 1817 596 nunm

162 645 300 687 quam
323 631 418 674 fere
438 629 613 687 scripsi,
639 630 842 674 imitatus
865 632 919 674 P.
951 629 1199 687 Ignatium,
1230 630 1310 686 qui
1339 629 1455 673 dixit
1480 629 1591 672 mihi
1620 643 1670 673 se
1696 643 1817 673 nun-

161 723 300 764 quam
321 708 380 752 ad
400 707 592 765 patriam
614 708 866 765 scripsisse,
886 722 972 752 nec
989 709 1128 765 (quod
1143 722 1236 752 vno
1252 709 1395 752 verbo
1411 706 1653 764 potuisset,
1678 721 1818 764 roga—

163 797 237 830 tus
258 785 524 842 praesertim
546 801 573 829 a
598 786 718 830 duce
746 785 955 842 Naiarae)
983 785 1185 829 voluisse
1214 799 1393 838 curare,
1425 793 1476 828 vt
1502 784 1639 828 Vnica
1667 784 1832 841 neptis⁴

162 862 483 907 honestissime
504 864 716 907 nuberet.

252 952 323 999 79.
389 941 598 998 Vrgebat
626 940 828 984 animum
863 955 1038 994 meum,
1070 942 1193 997 quod
1227 941 1507 998 possiderem
1538 954 1563 996 3
1593 939 1816 984 beneficia

159 1018 469 1063 ecclesiastica
490 1025 537 1062 et
557 1026 794 1075 paternam
815 1018 1160 1072 haereditatem,
1187 1027 1236 1063 vt
1257 1026 1370 1063 natu
1391 1018 1632 1062 maximus.

252 1096 323 1139 80.
390 1096 542 1140 Retuli
559 1097 618 1139 ad
637 1099 689 1140 Ρ.
709 1095 955 1153 Ignatium,
975 1104 1025 1140 vt
1040 1096 1150 1139 mihi
1166 1096 1513 1154 praescriberet,
1534 1095 1646 1152 quid
1668 1109 1814 1140 essem

163 1174 383 1227 facturus,
410 1174 527 1218 velle
541 1188 615 1217 me
635 1173 914 1230 pauperibus
935 1173 1225 1228 distribuere,
1245 1189 1363 1230 quae
1384 1174 1625 1226 habebam,
1646 1173 1814 1226 omnia,

162 1259 208 1295 et
230 1266 371 1308 quum
393 1251 491 1308 ipse
511 1265 607 1295 rem
629 1251 862 1295 videretur
883 1251 1080 1307 differre,
1105 1251 1199 1295 dixi
1220 1251 1284 1295 illi
1305 1252 1590 1295 confidenter
1611 1265 1684 1295 me
1699 1251 1818 1295 velle

163 1328 345 1385 quidem
368 1329 455 1372 illis
476 1328 811 1386 impedimentis
832 1328 1030 1382 liberari,
1060 1344 1147 1373 nec
1173 1343 1308 1386 posse
1335 1329 1434 1373 sine
1454 1328 1554 1373 eius
1580 1329 1818 1372 voluntate

162 1413 209 1451 et
230 1407 509 1464 praescripto
530 1406 577 1450 id
599 1408 764 1452 facere:
796 1407 835 1450 si
856 1406 967 1463 quid
995 1406 1104 1450 mihi
1131 1406 1325 1451 retentio
1352 1408 1576 1450 bonorum
1611 1413 1812 1458 noceret,

162 1483 225 1527 illi
262 1483 535 1541 imputatum
578 1483 633 1527 iri
669 1486 699 1527 ¹.
733 1486 976 1528 Permotus
1003 1491 1073 1527 est
1100 1485 1250 1527 bonus
1278 1485 1438 1537 Pater,
1471 1490 1518 1527 et
1546 1482 1662 1526 dixit
1690 1490 1740 1525 vt
1769 1482 1815 1525 in

160 1575 216 1605 ea
251 1576 301 1606 re
337 1562 549 1615 facerem,
581 1562 704 1618 quod
734 1560 845 1604 mihi
873 1561 1165 1605 consulerent
1192 1544 1257 1605 D,
1284 1561 1464 1617 Gaspar
1492 1561 1550 1604 de
1577 1559 1727 1614 Dotis,
1769 1568 1815 1604 et

159 1642 218 1683 D.
251 1639 504 1684 Madridius
532 1640 565 1682 ².
599 1639 662 1683 Hi
690 1638 905 1682 dixerunt
932 1645 982 1681 vt
1009 1638 1258 1695 deligerem
1281 1638 1328 1681 in
1355 1638 1518 1695 patria,
1550 1637 1628 1695 qui
1658 1637 1814 1681 distri-

160 1718 353 1762 buerent
374 1717 495 1760 bona
517 1731 619 1761 mea
639 1716 934 1773 pauperibus,
960 1715 1115 1759 habita
1135 1715 1312 1760 ratione
1332 1715 1500 1760 sororis
1522 1722 1568 1759 et
1590 1721 1814 1773 cognato-

159 1809 277 1849 rum,
301 1794 339 1838 si
361 1794 440 1850 qui
461 1808 685 1851 pauperes
706 1800 874 1838 essent.
909 1792 1133 1837 Miserunt
1162 1794 1222 1837 ad
1249 1808 1323 1838 me
1355 1806 1438 1837 100
1466 1806 1646 1847 aureos,
1682 1791 1814 1836 aliam

159 1879 334 1929 partem
355 1871 645 1916 destinarunt
665 1871 827 1925 sorori,
854 1872 868 1892 ⁵
894 1878 982 1914 etc.

251 1951 322 1994 81.
390 1949 631 1994 Liberatus
652 1951 739 1993 hac
760 1949 777 1970 ⁴
800 1947 1023 2003 molestia,
1052 1948 1117 1991 fui
1143 1949 1284 2006 longe
1310 1948 1509 1992 liberior.
1543 1949 1680 1992 Eram
1709 1947 1808 2004 qui-

157 2029 262 2072 dem
284 2029 406 2071 bono
427 2027 578 2071 animo
594 2034 641 2071 et
662 2027 809 2080 firmo,
834 2032 1019 2083 propter
1041 2025 1392 2079 consolationes,
1418 2027 1499 2070 sed
1520 2040 1627 2069 cum
1649 2026 1813 2069 affecta

160 2119 340 2162 semper
360 2104 639 2149 valetudine.

251 2183 323 2226 82.
391 2184 445 2226 P.
487 2181 695 2239 Ignatius
731 2196 901 2238 magna
940 2180 1170 2225 suauitate
1205 2195 1259 2224 ac
1297 2180 1602 2224 familiaritate
1632 2195 1810 2225 mecum

157 2274 297 2317 agere
317 2259 483 2317 coepit,
506 2259 770 2316 saepissime
791 2259 849 2302 ad
870 2273 1074 2302 mensam
1096 2273 1170 2303 me
1189 2260 1402 2312 vocabat,
1427 2273 1563 2316 saepe
1584 2259 1643 2302 ad
1659 2273 1811 2302 meum

157 2337 421 2381 cubiculum
442 2337 671 2390 veniebat,
697 2338 960 2393 frequenter
981 2351 1055 2380 me
1076 2337 1275 2381 ducebat
1302 2328 1662 2391 deambulatum3
1688 2337 1811 2393 quod

155 2429 246 2472 ego
267 2415 539 2471 interpretor
560 2414 687 2458 illum
711 2414 890 2467 fecisse,
910 2415 1034 2471 quod
1050 2414 1339 2459 teneritatem
1355 2413 1495 2457 animi
1511 2413 1806 2470 intelligeret,

154 2499 203 2536 et
224 2507 364 2550 egere
384 2506 457 2536 me
478 2492 555 2535 illa
578 2491 810 2535 facilitate.

233 2651 242 2671 ¹
295 2648 384 2694 Ms.,
403 2648 484 2683 illi.

227 2710 241 2730 ²
293 2709 363 2743 Dr.
383 2707 686 2754 christophorus
704 2707 754 2743 de
773 2706 938 2743 Madrid.

227 2768 242 2788 ³
291 2766 392 2803 Cum
411 2778 472 2813 ea,
489 2778 590 2814 quae
606 2766 670 2803 hic
687 2772 819 2803 narrat
836 2767 880 2802 P.
899 2766 1040 2814 Nadal,
1059 2777 1161 2802 anno
1187 2766 1279 2812 1546
1301 2772 1388 2803 acta
1411 2766 1572 2810 fuerint,
1597 2776 1674 2800 non
1697 2771 1810 2800 recte

154 2827 267 2874 MUT,
284 2827 326 2862 in
342 2827 450 2862 Hist.
470 2828 517 2862 de
535 2826 750 2869 MalIorca,
770 2833 799 2862 t.
819 2827 892 2873 ΙΙΙ,
911 2826 980 2862 lib.
1000 2827 1070 2871 XI,
1085 2838 1171 2874 cap.
1194 2835 1251 2874 11,
1270 2827 1367 2862 haec
1385 2825 1556 2873 scripsit:
1578 2824 1809 2860 «Renuncio

155 2899 202 2923 su
219 2886 410 2922 hacienda
433 2886 483 2922 de
505 2886 684 2922 Binibaci
707 2886 790 2930 (alii
814 2886 992 2922 scribunt
1015 2886 1229 2931 Binibassi)
1247 2898 1274 2933 y
1298 2889 1411 2922 entro
1429 2897 1479 2921 en
1496 2887 1533 2921 la
1550 2884 1767 2932 Compafiia
1783 2887 1805 2920 a

154 2956 200 2993 29
217 2946 267 2982 de
284 2947 514 2982 noviembre
531 2946 581 2982 de
603 2955 731 2992 1545»;
751 2958 841 2982 nam
866 2946 960 2982 licet
980 2946 1021 2981 in
1047 2946 1286 2982 Societatem
1309 2957 1448 2993 reapse
1472 2944 1536 2980 die
1560 2953 1607 2991 29
1634 2945 1804 2980 Novem-

153 3004 234 3042 bris
252 3006 357 3041 illius
371 3005 463 3042 anni
480 3005 532 3042 sit
549 3004 784 3053 adscriptus,
804 3011 965 3053 paterna
989 3006 1209 3042 hereditate
1234 3017 1312 3041 non
1330 3005 1406 3041 nisi
1425 3016 1527 3040 anno
1551 3003 1735 3051 sequenti
1759 3015 1802 3039 se

156 3065 370 3103 abdicavit.

228 3128 244 3148 ⁴
293 3126 383 3172 Ms.,
402 3127 510 3163 haec.
