2028 3484
805 279 848 316 19
872 270 1068 308 Auens‘n
1097 277 1197 315 1557
1743 269 1811 316 351

163 366 355 418 tentarsi
377 366 463 417 01ιο
487 368 703 428 ueng'a‘la
725 373 780 415 P.
806 373 864 415 V.
890 386 918 415 a
934 372 1023 417 tale
1040 373 1212 424 effetto‚
1233 372 1521 423 conoscendo
1539 373 1679 416 molto
1695 373 1816 419 bene

160 448 197 492 il
220 450 362 492 frutto
383 450 469 493 che
490 447 695 493 nasceria
714 447 835 493 dalle‘
850 461 933 492 sue
949 447 1069 493 bone
1085 447 1356 504 operationi,
1376 462 1469 491 non
1486 449 1584 492 solo
1602 450 1676 494 nel
1693 450 1816 494 clero

163 533 338 581 nostro,
361 532 437 569 m'a
456 524 626 568 ancora
646 523 754 569 nelli
769 524 871 568 altri
887 524 1074 578 sudditi,
1095 524 1217 580 quali
1233 525 1353 568 dalla
1368 512 1500 568 santa
1515 526 1714 570 dottrina
1730 541 1814 570 sua

160 603 317 647 sarino
338 601 635 655 corroborati,
665 601 713 645 di
734 601 936 647 maniera
962 603 1048 646 che
1074 601 1154 658 piu
1181 601 1440 647 facilmente
1460 602 1640 659 potrino
1669 607 1809 649 esser'

158 765 255 804 sunt
272 766 467 805 Catholici
483 757 621 812 nostri,
641 772 681 803 et
698 768 853 803 hostem
870 762 1045 803 nondum
1058 767 1189 803 visum¹
1201 772 1397 812 metuunt,
1415 772 1499 803 tum
1517 767 1557 804 in
1575 769 1728 814 agendo
1746 782 1813 805 ne-

158 830 239 876 que
250 827 366 876 periti
380 840 508 875 neque
523 827 731 864 exercitati
743 833 850 874 sunt,
860 833 903 866 ut
914 827 1005 863 hinc
1017 828 1156 868 crebro
1170 827 1220 863 ad
1234 839 1305 863 nos
1318 833 1535 875 recurrant,
1544 828 1813 865 Louanienses

158 887 386 935 praecipue,
405 898 503 935 quos
520 886 713 923 consolari
731 886 961 924 etanimare
980 886 1181 934 pergimus
1199 898 1268 934 pro
1286 887 1359 922 1130
1376 893 1509 922 nostra
1526 887 1812 925 imbecillitate.

161 947 321 993 Quanto
338 945 635 989 rectiusautem
658 951 698 982 et
715 945 830 982 nobis
848 951 889 981 et
906 945 983 982 illis
1002 951 1043 982 et
1060 945 1275 996 Catholicis
1289 945 1471 982 omnibus
1485 947 1759 994 consuleretis,
1778 949 1811 984 si

160 1006 204 1041 P.
228 1006 409 1042 Natalem
427 1017 449 1042 a
466 1003 675 1042 Cardinale
692 1006 769 1041 huc
786 1005 951 1041 missum
968 1005 1088 1053 (quod
1104 1005 1221 1041 facile
1239 1006 1398 1053 citoque
1414 1006 1499 1050 fiet)
1517 1006 1565 1042 ad
1582 1003 1744 1043 consilia
1772 1014 1813 1043 et

155 1065 305 1113 scripta
318 1065 448 1102 omnia
465 1070 715 1113 praesentem
732 1066 982 1101 haberemus.
1002 1065 1103 1101 Nam
1116 1071 1272 1112 praeter
1290 1065 1552 1102 eruditionem
1570 1066 1633 1101 hic
1651 1068 1715 1103 vel
1734 1079 1809 1102 ma-

158 1125 264 1162 xime
291 1137 389 1173 opus
407 1131 469 1162 est
486 1126 527 1162 in
544 1125 697 1172 agendo
715 1125 923 1173 prudentia
941 1130 1058 1172 atque
1076 1125 1329 1172 dexteritate,
1354 1131 1398 1161 ut
1414 1125 1606 1173 practicas
1630 1115 1812 1162 aduersa—

115 1183 118 1185 ’
156 1185 304 1221 riorum
317 1174 480 1221 et'dolos
494 1190 578 1229 arte
585 1184 782 1220 declinare
792 1190 832 1220 et
839 1176 1076 1220 submouere
1084 1185 1295 1231 possimus,
1304 1186 1470 1232 plusque
1481 1185 1596 1221 nobis
1609 1184 1812 1233 impendet

155 1245 323 1292 periculi
337 1236 557 1281 ab·insidiis
572 1250 612 1281 et
628 1243 848 1291 fraudibus,
862 1252 978 1292 quam
993 1245 1043 1280 ab
1056 1250 1191 1291 aperta
1205 1244 1497 1292 oppugnatione
1512 1245 1675 1280 istorum
1688 1246 1811 1282 versi—

152 1304 329 1351 pellium.
350 1305 482 1351 Quare
496 1304 660 1340 dubium
673 1303 776 1351 apud
789 1315 852 1339 me
863 1304 1018 1341 nullum
1032 1309 1106 1348 est,
1123 1315 1309 1351 magnum
1323 1304 1386 1340 hic
1398 1310 1640 1340 momentum
1654 1306 1810 1341 habitu-

155 1376 212 1409 ra,
228 1375 332 1411 ¹quae
347 1370 583 1411 suggereret
599 1375 645 1399 ac
663 1368 843 1402 moneret
860 1374 992 1399 coram
1006 1364 1072 1399 ille
1090 1364 1221 1409 Pater,
1242 1369 1285 1399 ut
1298 1364 1461 1411 proinde
1479 1376 1557 1400 non
1571 1365 1718 1411 possim
1732 1377 1810 1401 non

154 1434 294 1469 rogare
309 1424 354 1459 P.
369 1424 434 1470 T.,
449 1428 492 1459 ut
506 1423 546 1459 in
560 1424 633 1459 hac
645 1423 758 1469 graui
772 1423 1011 1459 necessitate
1026 1428 1066 1459 et
1080 1421 1237 1470 publica
1251 1423 1422 1459 utilitate
1436 1435 1515 1459 non
1529 1423 1633 1459 desit
1647 1424 1811 1461 Germa—

152 1483 243 1519 niae
261 1488 434 1530 nostrae,
453 1483 487 1519 si
505 1484 584 1519 ullo
602 1489 717 1531 pacto
741 1483 790 1519 ad
814 1483 891 1519 Dei
915 1483 1082 1529 gloriam
1106 1484 1180 1519 hoc
1203 1483 1406 1530 impetrari
1429 1483 1622 1531 nobisque
1645 1484 1810 1520 concedi

153 1547 286 1588 potest
303 1541 353 1577 ad
369 1547 540 1590 tempus.
562 1544 654 1589 Quo
677 1542 866 1578 maturius
891 1547 1024 1578 autem
1042 1541 1083 1578 id
1099 1537 1325 1590 continget,
1350 1554 1398 1578 eo
1425 1543 1613 1579 maiorem
1637 1554 1751 1579 usum
1769 1549 1811 1579 et
1836 1575 1837 1578 ,

148 1600 323 1637 fructum
341 1601 493 1644 adferet
510 1601 732 1649 Colloquio,
751 1601 866 1648 cujus
882 1601 1038 1638 initium
1056 1601 1302 1637 hebdomada
1320 1601 1522 1649 sequenti,
1543 1607 1586 1637 ut
1609 1608 1807 1650 putamus,

150 1661 257 1697 serio
275 1661 516 1703 instituetur.
544 1661 738 1698 Dominus
762 1662 880 1708 Jesus
898 1661 1135 1698 Germaniae
1154 1667 1195 1697 et
1217 1661 1423 1700 Ecclesiae.
1439 1673 1541 1697 suae
1561 1662 1806 1701 misereatur.

150 1727 211 1765 5.0
230 1719 652 1767 Septembris.—Idem
666 1717 966 1766 Canisius'filius
981 1720 1021 1756 in
1035 1720 1232 1757 Christo.»
1249 1721 1418 1767 Ibidem,
1434 1733 1552 1768 pagg.
1576 1722 1642 1758 128
1660 1715 1702 1758 et
1723 1731 1803 1768 129-

227 1780 328 1817 Cum
342 1785 474 1816 autem
487 1780 593 1816 idem
607 1780 790 1818 Canisi'us
805 1781 933 1819 Patris
947 1780 1072 1817 Nadal
1087 1780 1338 1829 impetrandi,
1354 1781 1576 1817 inconsulto
1590 1782 1635 1817 P.
1645 1782 1805 1827 Lainez,

149 1839 340 1877 cardinali
364 1852 475 1888 spem
492 1840 676 1887 fecisset,
697 1852 747 1876 ex
765 1840 964 1876 oblivione
990 1841 1159 1877 fortasse
1184 1853 1340 1887 eorum,
1359 1852 1460 1889 quae
1483 1841 1679 1891 quondam
1697 1854 1804 1889 prae·

150 1899 364 1948 scripserat
378 1900 419 1936 S.
434 1901 628 1946 IgnatiuS,
643 1906 726 1936 tum
740 1900 780 1936 in
794 1900 937 1936 litteris
951 1900 1001 1938 ad
1015 1900 1223 1943 universae
1239 1900 1448 1936 Societatis
1462 1901 1664 1948 praesides
1677 1902 1740 1938 die
1758 1912 1805 1938 20

151 1959 384 1996 Decembris
406 1969 496 2005 1555
514 1953 632 2006 datis,
648 1953 730 1996 tum
749 1960 789 1996 in
807 1958 1150 1996 constitutionum
1167 1966 1277 2008 parte
1291 1969 1328 2007 7,
1343 1973 1378 1997 c.
1398 1970 1434 2006 2,
1454 1961 1555 1997 decl.
1577 1962 1626 2007 K3
1648 1963 1802 1998 veniam

147 2030 174 2054 a
192 2019 236 2054 P.
255 2019 402 2055 Lainez
419 2021 608 2067 poscebat
625 2019 666 2055 in
684 2020 851 2067 epistola
869 2019 919 2055 ad
941 2014 1070 2067 ipsum
1093 2030 1140 2066 29
1165 2020 1410 2067 Septembris
1435 2029 1531 2066 ,1555
1555 2020 1665 2063 data,
1690 2021 1803 2068 cujus

148 2079 247 2115 haec
265 2085 357 2116 sunt
374 2081 509 2116 verba:
531 2079 776 2115 «...Primum
793 2085 926 2116 autem
943 2080 1070 2116 fateor
1082 2109 1091 2127 ,
1110 2092 1132 2116 a
1151 2093 1213 2116 me
1232 2086 1437 2128 peccatum
1451 2092 1541 2117 esse
1553 2109 1562 2127 ,
1582 2093 1627 2117 ac
1646 2081 1803 2117 veniam

148 2150 301 2185 precor,
320 2139 426 2186 quod
442 2139 533 2175 huic
551 2139 699 2186 optimo
718 2144 759 2175 et
776 2139 890 2175 nobis
909 2139 1147 2175 amicissimo
1165 2140 1378 2185 Cardinali,
1396 2152 1486 2176 cum
1504 2141 1548 2176 P.
1569 2141 1720 2176 Natalis
1738 2141 1804 2177 ad-

148 2203 314 2234 uentum
332 2204 553 2246 expeteret,
573 2210 652 2234 non
676 2198 912 2243 restiterim,
937 2210 983 2235 ac
1006 2210 1117 2246 spem
1142 2199 1262 2235 etiam
1285 2199 1455 2247 aliquam
1479 2200 1661 2247 fecerim,
1687 2213 1803 2247 posse

146 2268 240 2292 eum
258 2269 280 2293 a
304 2259 417 2294 vobis
441 2258 608 2294 fortasse
632 2258 847 2306 impetrari.
874 2259 964 2305 Qua
985 2258 1025 2294 in
1049 2270 1091 2294 re
1114 2258 1251 2295 fallere
1277 2271 1340 2295 me
1363 2260 1492 2307 potuit
1515 2271 1623 2295 amor
1645 2260 1802 2307 quidam

148 2316 401 2365 Germaniae,
421 2324 464 2354 ut
480 2318 545 2354 cui
562 2330 631 2365 per
648 2318 693 2353 P.
713 2318 865 2354 Natalis
884 2318 1147 2365 praesentiam
1164 2318 1311 2355 rectius
1328 2331 1445 2367 quam
1470 2331 1540 2367 per
1564 2320 1660 2355 alios
1689 2331 1802 2366 quos-

146 2376 239 2412 dam
257 2379 479 2413 consultum
497 2377 545 2414 iri
563 2379 770 2425 sperabam
788 2383 829 2414 et
847 2379 1045 2425 optabam.
1065 2378 1221 2414 Deinde
1240 2379 1374 2425 largiri
1397 2378 1545 2426 aliquid
1570 2391 1687 2414 ausus
1715 2391 1801 2414 sum

150 2435 225 2482 piis
243 2441 284 2471 et
300 2436 530 2473 ardentibus
549 2436 653 2473 votis
671 2436 907 2484 Cardinalis,
925 2437 993 2484 qui
1010 2449 1100 2473 cum
1118 2442 1178 2474 tot
1195 2438 1321 2474 modis
1336 2443 1496 2485 urgeret
1514 2450 1559 2473 ac
1578 2450 1639 2474 me
1658 2438 1803 2473 sibiin-

146 2500 411 2532 tercessorem
428 2497 531 2544 apud
548 2508 619 2532 vos
638 2496 802 2543 faceret,
822 2502 866 2533 ut
883 2497 1023 2544 aliquis
1041 2497 1200 2533 tandem
1218 2498 1268 2533 ad
1285 2498 1415 2545 ipsum
1439 2498 1683 2543 mitteretur,
1702 2498 1802 2532 hanc

144 2559 272 2590 artem
290 2555 465 2603 adhibui,
484 2562 527 2592 ut
545 2569 608 2592 me
626 2557 863 2605 scripturum
888 2568 935 2592 eo
954 2556 1112 2593 nomine
1136 2557 1362 2604 pollicerer,
1386 2557 1472 2593 fieri
1495 2569 1609 2604 posse
1633 2556 1800 2592 fortasse

144 2614 187 2650 in
204 2614 326 2650 tantis
343 2616 490 2652 Romae
509 2617 696 2662 motibus,
716 2622 759 2652 ut
777 2616 826 2652 ad
844 2622 1000 2664 tempus
1018 2618 1062 2652 P.
1082 2617 1234 2653 Natalis
1259 2620 1438 2664 abesset,
1464 2615 1675 2664 multisque
1702 2616 1801 2652 Ger-

144 2674 297 2710 maniae
315 2675 573 2711 incommodis
591 2688 723 2712 coram
741 2676 916 2712 remedia
939 2676 1131 2724 quaedam
1155 2677 1339 2724 aperiret.
1366 2676 1490 2712 Vobis
1516 2676 1620 2711 enim
1644 2675 1799 2711 facilius

142 2732 228 2770 fore
245 2736 444 2782 putabam,
466 2747 655 2771 excusare
674 2735 802 2771 Patris
820 2735 1034 2771 adventum
1052 2748 1122 2783 per
1139 2735 1305 2777 litteras,
1325 2748 1441 2784 quam
1467 2735 1561 2770 mihi
1580 2734 1799 2770 rationibus

141 2792 184 2829 id
207 2794 465 2841 persuadere,
489 2794 593 2842 quod
616 2796 719 2830 bono
743 2795 912 2830 Patrono
941 2800 1050 2830 esset
1071 2795 1322 2831 contrarium.
1357 2795 1436 2831 Sed
1461 2805 1650 2829 excusare
1677 2793 1798 2828 nolim

141 2853 218 2888 hoc
234 2852 395 2899 factum3
416 2854 572 2889 ueniam
590 2853 732 2890 iterum
751 2866 902 2901 precor,
918 2854 1023 2902 quod
1037 2860 1172 2890 contra
1186 2856 1317 2902 legem
1332 2855 1453 2890 semel
1471 2852 1651 2888 traditam
1666 2852 1798 2888 huius-

147 2911 251 2946 modi
274 2913 507 2948 contulerim
530 2924 620 2948 cum
638 2913 868 2960 Cardinale,
893 2913 1001 2961 prius
1024 2925 1141 2961 quam
1166 2914 1215 2949 ad
1238 2915 1286 2949 R.
1314 2915 1360 2948 T.
1384 2911 1531 2959 aliquid
1555 2911 1795 2946 retulissem.

145 2970 301 3016 Dignus
316 2983 403 3007 sum
417 2983 557 3019 poena,
571 2983 856 3019 quamcumque
871 2972 1103 3017 iniunxeris3
1120 2978 1160 3009 et
1174 2973 1356 3019 gaudebo
1371 2976 1584 3019 praestare,
1599 2969 1666 3016 qui
1679 2970 1799 3005 toties

146 3041 284 3066 errans
303 3036 342 3066 et
366 3043 534 3078 peccans
560 3031 720 3079 impune
738 3031 842 3077 fero,
861 3032 1035 3080 nihilque
1055 3031 1195 3080 punior
1212 3033 1252 3068 in
1276 3037 1332 3068 tot
1351 3030 1547 3076 tantisque
1572 3028 1798 3064 delictis...»

150 3089 319 3135 Ibidem,
340 3102 430 3137 pag.
455 3090 536 3127 136.
