2098 3484
380 283 393 310 1
404 283 448 321 14
955 278 1094 312 EpisT.
1122 277 1166 312 P.
1194 276 1442 322 NADAL—35

372 378 539 422 siderio
559 385 606 422 et
627 379 795 432 animo,
821 380 915 423 cosi
937 394 1011 423 me
1032 378 1107 422 dia
1127 379 1159 421 l’
1183 378 1377 422 efficatia
1398 387 1445 422 et
1469 379 1606 422 forze.
1632 378 1788 422 Dicesi
1818 394 1909 436 qua
1934 382 2029 424 che

372 457 416 500 la
436 463 610 501 armata
633 458 905 500 turchescha
925 458 951 500 e
972 455 1019 499 in
1043 455 1230 512 Tripoli,
1256 462 1303 499 et
1324 455 1361 498 si
1384 456 1519 499 crede
1540 455 1699 499 uenira
1715 470 1820 512 qua.
1842 458 2030 513 Questo

371 533 539 590 impedi
576 535 662 577 che
693 549 786 577 non
818 548 953 590 posso
984 533 1082 576 dire
1113 533 1232 576 della
1263 532 1429 589 partita
1460 538 1634 576 nostra.
1670 533 1706 575 Il
1737 532 1934 590 Signore
1964 549 2027 578 ce.

370 610 501 654 liberi
529 612 587 654 da
616 610 723 654 tutti
752 610 816 668 gli
844 610 1014 653 inimici
1041 609 1202 662 nostri,
1235 616 1289 676 et.
1308 608 1349 652 ci
1377 610 1585 653 conduca
1621 610 1743 653 doue
1778 610 1947 668 meglio
1971 612 2028 655 lo-

369 688 599 744 possiamo
621 688 810 732 seruire.

460 779 501 820 3.
567 766 632 809 Le
660 765 749 809 mie
782 764 1070 822 occupationi
1107 763 1310 820 magiore
1347 766 1383 807 s’
1424 758 1670 820 espectano
1703 766 1915 808 venendo
1951 766 2022 823 g1i÷

366 841 553 886 inimici:
595 825 662 885 fra
699 844 811 886 hora
847 856 975 895 sono,
1016 841 1221 898 predicar
1258 841 1301 884 al
1337 841 1552 897 generale
1585 842 1596 862 ¹
1626 847 1673 884 et
1708 841 1887 895 soldati,
1928 856 2015 886 con

366 920 506 962 molto
533 934 753 963 concorso
780 926 826 963 et
854 918 1185 971 satisfactione,
1217 918 1379 974 legger
1407 932 1434 960 a
1461 916 1526 974 gli
1562 918 1788 962 sacerdoti
1824 933 1905 975 per
1941 919 2024 962 in-

365 995 589 1039 struction
625 997 737 1039 loro.
770 997 819 1041 S’
850 997 1003 1039 hanno
1030 994 1237 1038 ordinate
1271 993 1463 1038 orationi
1494 994 1676 1050 publice
1703 1001 1750 1038 et
1776 995 2012 1041 esaminati

362 1073 514 1116 alcuni
535 1073 753 1130 religiosi,
779 1075 863 1116 che
885 1086 1023 1115 erano
1045 1086 1135 1128 qua
1157 1086 1295 1114 senza
1315 1070 1576 1114 obedientia
1599 1071 1774 1125 uenuti,
1807 1079 1854 1115 et
1879 1087 2022 1116 man-⁷

362 1149 455 1193 dati
477 1150 554 1206 gia
575 1137 719 1206 parte3
744 1149 782 1193 si
805 1149 1057 1206 aggiutano
1086 1147 1252 1200 alcuni,
1285 1150 1371 1191 che
1398 1155 1620 1205 apostate,
1652 1163 1679 1191 o
1700 1149 1746 1191 di
1774 1149 2016 1203 clericato,

360 1234 394 1270 δ
409 1226 455 1270 di
478 1227 714 1284 religione,
740 1241 878 1271 erano
899 1225 1077 1279 soldati,
1103 1226 1312 1270 confesso
1335 1225 1502 1269 alcuni:
1527 1226 1571 1269 la
1591 1225 1768 1283 magior
1790 1233 1918 1283 parte
1933 1242 2016 1271 me;

360 1304 462 1348 dice
489 1306 575 1348 che
601 1305 812 1348 venendo
832 1305 862 1347 1¹
888 1310 1060 1347 armata
1081 1303 1119 1346 si
1148 1304 1518 1357 confessaranno;
1545 1304 1731 1347 attendo
1757 1305 1815 1348 ad
1842 1301 2015 1348 alcune

359 1397 471 1438 pace
492 1389 539 1425 et
559 1382 607 1425 in
620 1376 789 1425 ‘fondar
810 1396 901 1437 qua
921 1396 1012 1424 vna
1033 1395 1137 1424 casa
1153 1381 1273 1424 doue
1289 1380 1475 1437 possino
1492 1381 1567 1424 doi
1584 1382 1703 1425 della
1718 1374 2014 1439 Compagniass

358 1466 494 1512 stare,
520 1466 565 1502 et
587 1459 697 1516 ogni
719 1458 882 1516 giorno
904 1473 1038 1502 seruo
1060 1458 1134 1501 nel
1156 1457 1379 1514 hospitale
1400 1457 1445 1501 io
1466 1465 1512 1501 et
1534 1459 1640 1514 quel
1661 1460 1747 1502 che
1774 1474 1848 1503 me
1869 1474 2014 1503 serue,

358 1551 383 1579 a
406 1551 494 1591 me;
519 1543 565 1579 et
587 1535 681 1579 dite
702 1551 729 1580 a
750 1537 1004 1579 Benedetto
1026 1536 1040 1556 ²
1065 1537 1151 1578 che
1172 1537 1233 1578 ho
1253 1535 1298 1578 la
1318 1550 1403 1579 sua
1424 1535 1683 1579 obedientia
1702 1544 1930 1593 presente,
1956 1544 2014 1580 et*

356 1614 417 1657 mi
439 1615 588 1658 sforzo
609 1613 655 1657 di
677 1614 893 1657 seruarla.
921 1615 1118 1670 Pregate
1142 1613 1248 1656 tutti
1271 1628 1351 1669 per
1371 1627 1445 1656 me
1466 1620 1513 1656 et
1533 1628 1614 1670 per
1636 1620 1799 1669 questa
1825 1614 1936 1659 citta
1956 1623 2013 1658 et·

354 1707 434 1749 per
457 1691 562 1735 tutti
585 1691 650 1748 gli
671 1691 866 1735 infideli:
892 1690 936 1734 io
958 1691 1003 1733 ui
1027 1690 1129 1734 dico
1151 1692 1236 1734 che
1258 1705 1402 1747 penso
1425 1705 1549 1734 esser
1571 1690 1894 1747 specialmente
1915 1706 2011 1749 ag-

353 1768 533 1826 giutato
556 1783 634 1825 per
656 1769 698 1812 le
721 1768 912 1812 orationi
935 1775 1112 1811 uostre:
1144 1783 1237 1811 non
1264 1767 1450 1812 lasciate
1477 1767 1523 1811 di
1551 1782 1730 1821 crescer
1750 1783 1929 1826 sempre
1951 1769 1997 1812 in

354 1847 504 1902 quelle
525 1853 572 1889 et
599 1845 644 1888 in
673 1846 783 1903 ogni
811 1861 948 1902 opera
975 1847 1111 1889 bona:
1142 1847 1309 1889 hauete
1339 1852 1385 1889 et
1412 1852 1566 1902 potete
1593 1845 1736 1889 sentir
1762 1847 1808 1890 lo
1836 1846 2006 1903 spirito

351 1923 473 1966 claro
495 1923 614 1967 della
636 1922 920 1979 Compagnia
942 1924 1026 1966 che
1047 1922 1093 1965 vi
1115 1922 1272 1979 guida,
1292 1929 1338 1966 et
1355 1922 1546 1980 guidara
1568 1937 1762 1980 sempre;
1782 1930 1935 1968 tenete
1950 1932 2009 1968 et·

352 2001 640 2047 contenetelo
661 2015 839 2056 sempre
860 2001 936 2043 nel
958 1999 1117 2043 intimo
1139 2001 1244 2043 dell'
1269 2000 1419 2044 anima
1442 2006 1612 2053 uostra,
1637 2006 1684 2044 et
1704 2015 1798 2044 non
1818 2001 1862 2044 lo
1883 2015 2008 2045 con-

351 2076 503 2120 tristar
524 2077 571 2120 in
593 2078 719 2121 nullo
741 2077 891 2120 modo.
918 2078 949 2120 Il
974 2077 1171 2133 Signore
1198 2077 1259 2120 mi
1287 2078 1346 2120 da
1373 2077 1510 2120 molta
1539 2077 1854 2121 consolatione
1881 2092 1996 2135 pen-

350 2156 494 2199 sando
530 2155 576 2197 in
613 2154 704 2207 voi,
745 2156 911 2211 perche
949 2154 995 2197 ui
1031 2157 1091 2198 ho
1129 2154 1235 2198 tutti
1275 2157 1326 2198 in
1354 2155 1608 2198 uisceribus
1644 2156 1795 2198 cordis
1815 2157 1907 2199 mei
1943 2158 1996 2199 ni
2004 2162 2007 2165 ’

352 2232 535 2275 Christo
555 2235 596 2274 et
617 2233 788 2288 spiritu
808 2232 1042 2274 societatis
1064 2233 1162 2275 eius
1182 2232 1416 2289 insculpiti
1438 2230 1516 2288 piu
1537 2233 1623 2275 che
1650 2246 1743 2275 non
1771 2233 1988 2289 exprimo.

347 2309 384 2353 11
406 2310 602 2366 Signore
623 2308 951 2366 benignissimo
973 2309 1018 2352 di
1042 2309 1163 2363 tutti,
1190 2309 1231 2353 ci
1253 2310 1327 2353 dia
1349 2324 1526 2367 sempre
1547 2309 1593 2352 di
1610 2310 1726 2353 bene
1746 2309 1794 2353 in
1824 2310 2004 2368 meglio-

348 2401 527 2431 crescer
548 2386 595 2429 in
617 2401 701 2430 suo
722 2393 881 2429 sancto
903 2393 948 2429 et
969 2386 1127 2430 diuino
1148 2387 1352 2431 seruitio.
1379 2388 1545 2431 Amen.

438 2465 642 2509 Salutate
669 2464 942 2506 nominatim
967 2479 992 2507 a
1015 2464 1120 2507 tutti
1143 2464 1207 2521 gli
1232 2464 1372 2518 Patri,
1388 2523 1391 2526 Ι
1408 2464 1572 2508 fratelli
1604 2471 1650 2508 et
1670 2464 1826 2508 deuoti
1847 2465 2000 2509 nostri}

347 2542 394 2585 in
417 2544 460 2586 X
484 2553 506 2576 0

436 2619 495 2663 Di
519 2618 736 2675 Aphrica,
762 2618 805 2674 xj
830 2619 875 2661 d'
901 2619 1118 2675 Augusto
1153 2630 1279 2675 1551.

614 2697 724 2740 Vro.
750 2696 825 2738 nel
847 2697 945 2740 S.0r
973 2698 1030 2739 N.
1058 2697 1233 2740 fratello
1256 2703 1301 2740 et
1323 2711 1472 2750 seruo,

1222 2775 1524 2818 HIERONYMO
1556 2774 1743 2818 NADAL.

434 2853 475 2895 A
498 2855 642 2908 tergo:
664 2849 950 2907 Copia.-—Al
978 2851 1118 2894 molto
1145 2850 1255 2894 R.do
1277 2851 1325 2894 in
1347 2850 1531 2894 Christo
1554 2852 1591 2894 P
1599 2861 1636 2894 ,e
1662 2852 1710 2894 M
1717 2861 1755 2894 ,0
1782 2850 1997 2895 Antonio-

420 3040 428 3059 ¹
481 3034 750 3071 Ferdinandus
768 3034 817 3069 de
836 3034 961 3079 Vega.

418 3100 432 3119 ²
483 3097 526 3131 P.
546 3095 783 3131 Benedictus
802 3093 986 3130 Palmius.
