2066 3490
898 317 911 343 1
919 309 1004 353 560-
1011 317 1023 343 1
1031 309 1101 353 562
1777 309 1825 356 39

167 411 323 456 chiara
349 411 653 468 congiettura3
686 412 870 467 perche,
902 425 951 454 se
979 411 1098 454 nella
1127 421 1198 465 3.a
1224 410 1358 454 visita
1386 413 1472 455 che
1498 411 1598 454 fece
1626 412 1820 455 essendo

168 490 382 533 mandato
403 490 433 531 l’
457 503 579 532 anno
607 489 720 543 1560
739 488 816 531 dal
841 490 892 531 Ρ.
918 488 1120 543 LayneZ‚
1145 488 1266 531 nella
1287 489 1420 543 quale
1442 487 1486 530 io
1514 488 1544 530 l’
1575 502 1818 544 accompa-

166 566 293 623 gnai,
319 566 425 610 tutti
446 565 477 608 li
498 565 659 609 vecchi
685 581 711 609 e
732 564 954 622 superiori
975 564 1286 609 ammirauano
1313 566 1357 608 la
1384 564 1620 608 chiarezza
1647 581 1673 609 e
1701 565 1817 608 riso—

165 642 339 687 lutione
360 644 435 687 del
457 645 511 687 P.
538 643 701 688 Natale
722 642 770 686 in
792 650 911 686 tutte
933 643 975 686 le
995 657 1118 695 cose,
1144 642 1281 686 etiam
1308 641 1509 694 minime,
1535 642 1566 684 li
1589 642 1716 685 molti
1743 642 1816 685 in-

164 719 304 763 drizzi
324 728 371 764 et
391 720 683 765 auertimenti
704 722 791 764 che
812 719 877 777 gli
899 719 1116 773 lasciaua,
1140 721 1227 763 che
1249 720 1439 763 sarebbe
1462 727 1582 763 stato
1604 720 1722 763 nelle
1738 720 1814 763 doi

161 797 305 854 prime
344 798 491 851 uisite,
532 799 717 854 quando
752 799 892 841 molto
928 811 1090 841 manco
1127 812 1267 841 erano
1298 796 1491 840 istrutti?
1526 798 1657 840 Delle
1689 798 1811 852 quali

158 873 424 929 istruttioni,
448 877 535 919 che
556 890 695 919 erano
711 875 758 918 di
775 875 881 918 tutti
899 875 961 932 gl’
982 875 1114 930 officij
1140 875 1260 918 della
1280 873 1569 931 Compagnia
1590 888 1616 917 e
1631 875 1676 917 d’
1697 875 1811 918 altre

159 966 282 1005 cose,
306 953 399 1010 egli
419 968 470 998 se
491 967 550 996 ne
571 954 670 997 fece
691 968 756 996 un
777 952 893 995 libro
920 954 950 1006 ¹,
974 953 1019 996 la
1046 952 1122 996 cui
1149 951 1280 1008 copia
1308 951 1460 995 alcuni
1488 951 1710 1008 superiori
1737 952 1808 994 di-

158 1031 446 1074 mandauano
467 1046 493 1075 e
514 1030 807 1087 ricopiauano
829 1045 920 1074 con
941 1044 1026 1074 sua
1047 1044 1164 1087 gran
1185 1029 1500 1073 consolatione
1528 1043 1609 1085 per
1635 1029 1808 1073 aiutar-

134 1122 266 1151 ‘sene
293 1109 368 1152 nel
395 1122 619 1165 gouemo,
643 1108 718 1152 del
739 1108 874 1163 quale
896 1107 1012 1150 libro
1042 1107 1117 1163 poi
1144 1106 1177 1150 il
1206 1109 1259 1150 P.
1292 1107 1542 1159 Euerardo,
1576 1107 1807 1150 uuolendo

113 1192 121 1198 ‘
158 1185 254 1229 fare
280 1192 507 1242 stampare
533 1186 576 1229 le
604 1186 776 1242 regole,
808 1200 867 1228 ne
896 1186 994 1229 fece
1021 1199 1187 1229 cauare
1215 1184 1261 1227 di
1288 1184 1416 1227 molti
1454 1183 1596 1227 buoni
1632 1183 1807 1227 auerti—

157 1262 299 1306 menti
319 1277 346 1306 e
366 1263 597 1319 mettergli
618 1263 737 1306 nelle
758 1263 932 1319 regole.

249 1350 319 1394 25.
386 1341 424 1383 E
445 1341 484 1383 si
505 1355 638 1384 come
658 1340 691 1382 il
714 1342 766 1384 Ρ.
795 1341 957 1384 Natale
978 1341 1096 1383 nelle
1118 1339 1313 1384 saticche
1335 1354 1412 1383 era
1433 1339 1679 1392 indefesso,
1711 1340 1808 1383 cosi

155 1418 274 1460 nelle
294 1432 378 1461 sue
399 1417 534 1461 uisite
556 1425 661 1462 tene
682 1417 910 1475 occupati,
935 1433 976 1470 e,
1001 1432 1132 1461 come
1153 1417 1246 1474 egli
1267 1417 1445 1470 diceua,
1469 1416 1634 1461 attuati
1658 1416 1765 1460 tutti
1792 1417 1807 1458 i

154 1487 377 1551 superiori
399 1510 424 1538 e
444 1495 631 1548 sudditi,
652 1511 678 1540 e
699 1496 798 1539 cosi
819 1495 864 1538 in
894 1495 1029 1552 pochi
1057 1495 1209 1552 gior'ni
1240 1495 1401 1539 faceua
1428 1495 1567 1538 molte
1595 1495 1802 1547 facende,

154 1587 182 1616 e
202 1586 291 1615 con
312 1587 429 1629 gran
449 1572 629 1617 breuita
647 1573 839 1630 spediua
859 1574 903 1616 le
925 1572 1060 1617 uisite
1081 1574 1139 1617 de
1160 1572 1364 1629 collegij3
1390 1572 1605 1616 etiamdio
1625 1571 1674 1615 in
1700 1571 1807 1627 quei

156 1649 385 1694 numerosi
407 1650 454 1693 di
483 1651 769 1707 Portogallo,
800 1665 881 1707 per
908 1650 940 1693 il
967 1652 1092 1694 buon
1123 1651 1282 1694 ordine
1313 1665 1339 1693 e
1371 1651 1533 1707 grand'
1568 1649 1808 1693 ubidienza

155 1728 242 1770 che
264 1729 396 1771 trouo
418 1728 466 1771 in
486 1728 637 1783 quella
658 1727 910 1784 prouincia,
930 1742 1059 1771 come
1075 1742 1192 1772 anco
1210 1729 1315 1772 nell’
1335 1729 1448 1771 altre
1469 1727 1515 1770 di
1533 1728 1737 1784 Spagna,
1757 1742 1807 1770 se

155 1804 275 1848 bene
294 1819 387 1848 non
409 1820 632 1849 mancaua
648 1806 829 1861 qualch'
854 1820 946 1849 uno
962 1807 1049 1849 che
1064 1807 1197 1849 desse
1212 1807 1271 1848 da
1288 1806 1383 1849 fare
1399 1806 1486 1848 alla
1503 1804 1803 1862 Compagnia,

154 1881 188 1924 li
209 1881 284 1925 cui
305 1882 493 1926 dettami
525 1898 551 1926 e
567 1882 765 1926 concetti
787 1885 940 1926 hanno
971 1882 1191 1939 partorito
1217 1883 1265 1926 in
1290 1883 1418 1926 molti
1446 1881 1477 1925 li
1501 1881 1697 1939 trauagli
1719 1883 1807 1925 che

128 2017 131 2019 ‚
155 1958 277 2003 uisto
298 1960 540 2004 habbiamo
562 1960 712 2016 questi
733 1968 830 2004 otto
852 1975 880 2004 o
901 1975 1022 2004 noue
1043 1960 1150 2003 anni
1167 1976 1194 2004 a
1209 1960 1372 2013 dietro,
1392 1962 1479 2004 che
1500 1959 1578 2017 gia
1599 1960 1672 2002 all’
1692 1961 1806 2002 hora

154 2035 550 2081 incominciauano
571 2053 599 2082 a
619 2038 940 2095 germogliare,
966 2037 1130 2094 poiche
1151 2038 1182 2080 li
1212 2038 1260 2081 fu
1282 2037 1500 2094 impedita
1528 2039 1572 2081 la
1599 2036 1734 2080 visita
1755 2036 1804 2079 in

130 2128 132 2131 ·
154 2114 360 2171 Spagna,
385 2122 431 2159 et
468 2116 518 2158 fu
554 2123 775 2160 costretto
797 2131 823 2159 a
859 2115 1112 2172 partirsene
1134 2117 1202 2159 fra
1237 2115 1363 2159 doio
1391 2123 1461 2159 tre
1488 2115 1601 2159 mesi
1629 2117 1749 2172 dopo
1770 2117 1801 2157 l’

152 2206 308 2236 essere
328 2191 497 2236 intrato
518 2194 578 2236 da
601 2194 864 2250 Portogallo
888 2193 935 2236 in
958 2194 1173 2246 Caistena,
1199 2208 1225 2236 e
1241 2195 1352 2246 cosi,
1373 2193 1621 2237 riceuendo
1642 2193 1686 2236 in
1711 2196 1804 2237 Za-

157 2284 328 2326 ragoza
348 2284 413 2312 un
434 2270 610 2314 nouitio
626 2271 701 2314 del
717 2285 854 2327 paese
874 2270 921 2314 di
943 2269 1115 2315 Viame
1136 2272 1170 2323 ²,
1195 2271 1316 2315 doue
1338 2286 1416 2315 era
1436 2271 1468 2313 il
1488 2270 1700 2328 maggior
1721 2286 1804 2327 pe-

158 2345 298 2390 ricolo
318 2347 364 2390 di
386 2348 538 2403 quella
555 2347 764 2405 giornata
787 2350 820 2401 ³,
846 2363 896 2392 se
916 2349 960 2391 lo
978 2350 1112 2392 meno
1129 2363 1340 2401 conseco‚
1361 2364 1442 2405 per
1458 2349 1617 2405 lingua
1633 2349 1679 2391 di
1697 2349 1805 2404 quel

236 2540 246 2559 ¹
296 2538 398 2574 Vide
416 2550 548 2586 supra,
566 2539 724 2575 Notitia
740 2540 936 2581 codicum,
955 2539 1042 2574 cod.
1062 2548 1097 2584 5.
1585 2574 1590 2578 ,

231 2601 246 2620 ²
305 2599 469 2641 Viarne,
498 2600 562 2634 vel
580 2599 711 2646 potius
740 2600 916 2640 Bearne,
937 2605 999 2634 est
1021 2599 1131 2645 regio
1155 2599 1324 2645 Galliae,
1355 2600 1395 2635 in
1426 2600 1639 2647 Aquitania
1661 2600 1735 2634 sita
1753 2598 1804 2633 ad

159 2657 312 2694 radices
328 2659 622 2706 Pyrenaeorum
645 2659 850 2695 montium.

227 2718 242 2739 ³
291 2718 401 2754 Haec
415 2718 588 2766 pericula
601 2720 717 2766 paulo
730 2718 856 2755 fusius
870 2718 998 2754 innuit
1011 2719 1096 2766 ipse
1112 2720 1155 2754 P.
1169 2719 1293 2754 Nadal
1312 2719 1352 2755 in
1370 2720 1452 2755 suis
1471 2719 1808 2767 Ephemeridibus
1827 2762 1832 2766 ‚

156 2778 423 2825 autographis,
441 2778 509 2814 fol.
531 2778 700 2825 189-191,
718 2779 826 2814 hisce
856 2779 1003 2814 verbis:
1025 2779 1315 2814 «Discessimus
1345 2779 1368 2814 6
1387 2779 1547 2826 Aprilis.
1575 2779 1705 2813 Primo
1723 2778 1805 2822 die,

155 2836 261 2884 quod
273 2836 349 2873 fuit
365 2838 479 2873 nobis
493 2838 534 2874 in
548 2838 683 2886 primis
698 2838 808 2883 vtile,
823 2838 1040 2885 reperimus
1055 2839 1262 2885 muliones,
1276 2840 1343 2886 qui
1357 2839 1554 2874 ducebant
1569 2838 1803 2882 Lugdunum

156 2896 306 2943 aliquot
323 2899 450 2933 mulos
468 2903 631 2933 onustos
645 2897 845 2944 argenteis
863 2897 1198 2944 hispaniensibus,
1217 2904 1258 2934 et
1275 2911 1345 2945 per
1362 2904 1516 2933 montes
1533 2897 1805 2932 conduxerant

158 2956 397 3003 praesidium
415 2957 563 3004 aliquot
582 2957 749 2993 militum
767 2958 923 2993 Iacham
941 2958 1079 3004 (Jaca)
1104 2969 1243 3005 vsque.

234 3016 425 3052 Venimus
442 3028 532 3052 cum
550 3016 789 3052 mulionibus
807 3016 1023 3054 Oloronum
1043 3029 1181 3064 Vsque.

236 3075 299 3110 Ad
317 3076 493 3122 Syluam,
513 3076 711 3123 oppidum,
734 3077 871 3112 minati
890 3082 981 3112 sunt
998 3076 1187 3111 haeretici
1206 3076 1378 3111 Ximeni.

235 3135 331 3171 Inde
348 3137 474 3171 coacti
492 3148 626 3172 sumus
647 3138 767 3171 multa
784 3142 900 3172 nocte
919 3136 1053 3171 venire
1079 3136 1294 3181 Bigorram,
1322 3135 1388 3170 vbi
1407 3146 1541 3181 parum
1566 3133 1692 3168 abfuit
1716 3133 1815 3180 quin
