2028 3484
763 261 810 301 30
835 263 994 313 MAR’rn
1020 272 1109 312 1555
1690 275 1756 316 291

116 369 257 414 molto
277 368 435 414 maior'
458 368 749 426 contagione,
775 369 851 411 ch'
874 369 900 412 ἑ
923 381 1029 411 cosa
1050 367 1267 413 horribile
1283 370 1435 426 quello
1450 371 1524 413 ch’
1548 371 1579 413 l’
1602 371 1760 416 demo-

118 446 194 490 nio
215 447 381 502 anima,
406 453 454 492 et
476 447 520 491 fa
547 446 768 504 diligente
795 444 946 504 questi
973 444 1126 490 miseri
1152 445 1358 489 huomini
1380 446 1426 489 in
1458 448 1686 493 estender’
1717 449 1761 492 la

118 539 202 568 sua
222 524 416 578 heresia,
441 524 516 568 ch'
540 537 670 569 come
691 523 753 567 mi
774 525 929 567 hanno
950 523 1078 568 detto
1100 537 1206 579 qua,
1231 538 1260 566 o
1280 523 1438 568 hanno‘
1462 531 1702 582 stampato,
1732 541 1760 570 o

118 608 371 659 stampano,
385 608 505 645 tutto
521 601 553 644 1’
572 600 900 646 lutheranismo
916 599 964 643 in
982 614 1123 657 greco
1139 615 1221 657 per
1236 600 1457 644 mandarli
1474 602 1593 646 nelle
1609 602 1760 647 orien-

119 680 210 725 tale
230 685 374 737 parte3
399 686 446 724 et
461 693 606 736 penso
625 685 672 724 et
693 678 813 724 uedo
831 679 906 722 ch’
924 678 1022 722 loro
1038 677 1116 735 gia
1135 677 1266 734 quasi
1287 682 1438 736 agunt
1460 679 1760 739 triumphum,

115 757 187 801 col
207 756 419 802 demonio
440 763 541 810 suo,
566 756 686 801 della
707 754 895 809 chiesia,
919 755 1039 800 della
1059 755 1220 809 verita,
1246 756 1293 798 d’
1317 755 1516 799 Christo.
1539 758 1615 800 Ma
1630 757 1661 799 l’
1686 757 1760 802 Si-

115 849 262 892 gnore
281 834 314 878 li
335 834 617 879 confundera
639 833 762 887 tutti,
788 839 836 878 et
857 832 1069 887 aiuttera,
1089 847 1220 878 come
1241 847 1436 890 sempre,
1462 840 1508 878 et
1530 848 1662 890 spero
1683 836 1759 878 ch’

115 913 194 956 un'
238 913 370 970 gran’
414 926 571 956 mezzo
612 926 693 968 per
728 911 774 954 la
809 909 1117 968 Compagnia,
1157 917 1205 956 et
1241 911 1336 954 cosi
1372 917 1638 967 represento
1673 912 1761 956 alla

117 991 175 1034 V.
204 992 258 1034 P.
284 989 436 1045 quello
457 990 532 1032 ch’
555 990 860 1046 penso'esser’
890 987 1002 1033 utile
1022 1003 1104 1045 per
1125 987 1157 1031 il
1178 987 1366 1033 seruitio
1392 987 1566 1042 diuino,
1598 988 1762 1046 pigliar

115 1066 294 1124 collegij
313 1066 361 1110 in
377 1073 540 1124 questa
554 1065 803 1111 Germania
819 1080 900 1123 per
915 1066 1003 1109 alla
1018 1065 1320 1124 Compagnia,
1340 1066 1477 1109 etiam
1499 1065 1538 1109 si
1559 1065 1607 1109 in
1629 1067 1759 1122 qual-

116 1144 311 1201 siuoglia
331 1144 378 1187 di
398 1145 496 1188 loro
511 1158 605 1188 non
621 1142 660 1187 si
675 1144 924 1188 hauessero
939 1143 986 1186 d’
1010 1142 1264 1188 alimentar’
1287 1144 1326 1187 s’
1345 1157 1438 1187 non
1459 1143 1600 1187 molto
1615 1158 1760 1200 poge-

115 1221 189 1265 chi
210 1222 258 1265 d’
281 1220 441 1275 nostri,
466 1235 552 1265 con
574 1221 650 1264 ch'
672 1220 716 1264 la
737 1219 1024 1278 Compagnia
1049 1220 1233 1265 hauessi
1261 1219 1686 1278 superintendentia
1713 1227 1760 1266 et

112 1313 320 1356 gouerno
342 1299 482 1344 totale
503 1298 550 1342 di
570 1297 720 1355 questi
741 1297 940 1355 collegij,
967 1312 1053 1355 pur
1072 1299 1148 1342 ch'
1172 1313 1264 1342 non
1281 1298 1320 1341 si
1337 1297 1580 1343 admetessi
1598 1298 1758 1343 condi-
1782 1287 1785 1289 ’

110 1376 234 1421 tione
254 1376 480 1422 contraria
500 1391 527 1420 a
548 1375 624 1419 noi
644 1391 726 1433 per
742 1375 773 1419 li
790 1375 949 1429 nostri,
970 1391 1029 1421 ne
1044 1390 1152 1420 cosa
1168 1377 1243 1419 ch'
1261 1375 1533 1433 repugnassi
1550 1390 1577 1420 a
1593 1375 1758 1421 dinen-

109 1455 195 1498 tar’
217 1455 264 1498 d’
288 1455 428 1499 esser'
451 1454 483 1496 l'
506 1453 701 1510 collegio
721 1454 840 1498 della
862 1453 1164 1511 Compagnia.
1191 1455 1249 1497 Et
1272 1452 1338 1496 >mi
1366 1454 1464 1510 par’
1492 1454 1568 1496 ch’
1591 1452 1630 1496 si
1662 1468 1757 1497 non

108 1533 223 1576 altro
244 1546 325 1589 per
345 1531 508 1577 adesso
529 1533 602 1575 ch'
626 1530 671 1574 io
691 1515 902 1588 pigliarei
921 1530 1101 1588 collegij
1127 1530 1174 1574 in'
1195 1530 1444 1575 Germania
1460 1545 1542 1588 per
1556 1531 1600 1575 la
1617 1531 1756 1575 Com—

107 1608 289 1666 pagnia,
313 1609 352 1653 si
375 1609 495 1654 fosse
517 1610 596 1652 un’
621 1609 718 1652 solo
734 1609 809 1652 ch'
831 1608 864 1651 li
880 1608 1168 1665 gouernassi,
1188 1623 1269 1665 per
1290 1609 1365 1651 ch'
1385 1607 1508 1665 dipoi
1529 1623 1663 1666 spero
1680 1610 1755 1652 ch’

109 1693 230 1731 tutto
250 1686 289 1730 si
311 1686 499 1732 sarebbe
520 1700 650 1731 come
676 1686 720 1730 la
748 1685 1035 1742 Compagnia
1061 1685 1291 1739 desidera,
1327 1692 1415 1730 etc.
1450 1687 1516 1730 La
1544 1699 1683 1730 causa
1710 1683 1756 1730 di

110 1771 289 1821 questo,
313 1765 514 1810 secondo
534 1765 609 1807 ch’
632 1764 662 1806 l’
686 1763 876 1809 intendo
898 1778 1009 1819 qua,
1035 1770 1082 1808 et
1103 1763 1177 1808 del
1198 1762 1431 1813 cardinale
1450 1763 1495 1807 d’
1520 1764 1752 1820 Augusta,

111 1849 158 1887 et
172 1843 246 1887 del
259 1842 508 1887 confessor’
522 1842 596 1887 del
612 1841 910 1899 imperadore,
927 1839 984 1901 [ὲ]
998 1842 1071 1884 ch'
1086 1840 1334 1898 refuggino
1346 1840 1377 1883 li
1390 1840 1582 1898 principi
1594 1843 1755 1885 catho-

107 1919 182 1963 lici
205 1920 273 1964 sar
294 1919 472 1976 collegij
496 1919 615 1964 della
637 1917 923 1975 Compagnia
944 1933 1026 1975 per
1047 1917 1124 1962 noi
1141 1918 1242 1971 soli,
1268 1924 1314 1963 et
1336 1933 1478 1975 penso
1499 1919 1573 1962 ch'
1593 1926 1754 1974 questa

108 1997 321 2054 opinione
341 1996 509 2041 habbia
530 1995 759 2054 agiuttato
780 1995 812 2039 il
833 1996 1112 2048 confessore,
1138 2002 1184 2040 et
1215 1995 1485 2041 altramente
1515 1996 1560 2039 la
1591 2003 1753 2040 natura

107 2074 214 2119 delli
231 2073 436 2120 todeschi
452 2075 478 2118 ὲ
493 2074 552 2119 de
568 2088 660 2117 non
676 2071 1032 2117 accommodarsi
1049 2072 1308 2118 facilmente
1330 2087 1357 2116 a
1374 2079 1499 2116 tanta
1514 2071 1752 2116 distrittio-

108 2168 167 2197 ne
183 2153 230 2195 d’
248 2152 407 2197 uiuere
422 2153 539 2195 com’
559 2152 585 2195 e
602 2151 645 2195 la
662 2158 833 2207 nostra,
854 2150 892 2194 si
908 2165 1002 2194 non
1018 2165 1134 2207 poco
1150 2166 1177 2195 a
1192 2165 1309 2208 poco
1322 2150 1432 2207 ogni
1449 2164 1572 2205 cosa,
1586 2158 1632 2195 et
1648 2165 1751 2207 spe-

105 2229 346 2275 cialmente
366 2228 414 2272 in
436 2228 585 2285 questi
608 2228 764 2285 tempi,
784 2227 891 2273 nelli
908 2227 1030 2284 quali
1047 2227 1177 2284 quasi
1200 2227 1307 2271 tutti
1323 2227 1355 2270 li
1379 2227 1584 2272 todeschi
1600 2230 1753 2271 hanno

107 2322 135 2350 o
157 2306 398 2352 auersione
419 2321 448 2350 o
469 2320 584 2363 poca
605 2305 900 2350 inclinatione
922 2320 1002 2362 per
1024 2304 1132 2349 farsi
1153 2304 1370 2362 religiosi.
1397 2306 1456 2349 V.
1484 2307 1537 2349 P’.
1564 2305 1625 2348 mi
1648 2320 1751 2362 per-

108 2384 216 2429 doni
231 2399 282 2429 se
302 2384 350 2427 in
372 2390 535 2440 questo
556 2385 632 2427 ch'
654 2385 716 2426 ho
732 2383 860 2428 detto
881 2384 941 2426 ho
959 2383 1073 2426 fatto
1089 2397 1274 2427 eccesso
1291 2383 1366 2427 nel
1383 2382 1474 2426 mio
1489 2383 1757 2440 proponer’.‘

110 2463 144 2506 Il
161 2461 358 2519 Signore
373 2462 418 2505 lo
435 2461 563 2519 guidi
583 2467 703 2505 tutto
719 2475 800 2518 per
815 2459 1042 2517 maggior'
1061 2459 1269 2517 gloriadi
1286 2475 1370 2504 sua
1385 2460 1543 2504 diuina
1559 2462 1746 2506 Maesta.

205 2552 272 2583 12.
337 2540 400 2592 Io,
425 2538 627 2584 secondo
653 2538 685 2581 il
712 2552 872 2595 parere
900 2537 975 2582 del
1003 2539 1096 2581 M.0
1128 2538 1333 2594 Laynez,
1358 2544 1405 2583 et
1432 2537 1647 2582 instantia
1677 2538 1750 2582 del

108 2619 238 2662 Rmo.
262 2617 520 2669 labacense,
540 2622 663 2660 resto
685 2616 749 2659 fin
771 2630 798 2659 a
820 2616 989 2672 pascha
1010 2629 1116 2671 qua,
1141 2621 1188 2660 et
1209 2614 1331 2672 dipoi
1353 2616 1524 2660 andaro
1546 2631 1572 2659 a
1594 2615 1751 2658 uisitar

107 2694 139 2737 il
161 2694 356 2752 collegio
377 2694 423 2737 di
443 2687 632 2751 Dilin'ga
653 2693 861 2750 segondo
888 2693 920 2735 l’
950 2691 1110 2737 ordine
1131 2693 1206 2737 del
1232 2693 1375 2736 Illmo.
1406 2700 1681 2750 augustano,
1706 2700 1751 2737 et

106 2787 248 2829 penso
269 2787 362 2816 non
384 2778 479 2815 star
498 2770 547 2814 in
567 2770 758 2827 Dilinga
778 2769 857 2827 piu
878 2769 924 2813 di
947 2770 974 2813 8
1006 2769 1172 2826 giorni,
1198 2785 1228 2827 y
1248 2769 1372 2827 dipoi
1401 2770 1570 2814 andaro
1592 2784 1678 2814 con
1708 2770 1751 2813 la

108 2848 256 2906 gratia
276 2849 350 2893 del
373 2848 542 2905 Signor
562 2847 610 2890 in
632 2847 834 2901 Vienna,
864 2847 986 2892 doue
1013 2862 1107 2890 non
1134 2862 1277 2904 penso
1306 2854 1400 2892 star
1426 2847 1504 2904 piu
1526 2847 1571 2890 di
1600 2847 1751 2902 quello

108 2941 199 2982 que
219 2926 423 2970 iudicato
446 2940 570 2970 esser
587 2924 845 2970 necessario
861 2939 940 2981 per
958 2924 990 2967 il
1006 2931 1163 2968 nostro
1179 2925 1374 2982 collegio
1392 2932 1436 2969 et
1454 2924 1554 2967 altri
1572 2923 1750 2981 negocij

111 3004 278 3061 proprij
303 3005 361 3048 de
382 3004 426 3047 la
449 3002 749 3059 Compagnia,
775 3009 822 3047 et
843 3017 936 3046 non
957 3003 1172 3047 hauendo
1191 3003 1309 3067 valtro
1331 3002 1506 3055 ordine,
1527 3000 1756 3045 caminaro

109 3096 246 3127 verso
274 3083 432 3126 Roma.
