2040 3476
753 256 1000 297 Fssssnnimo
1031 255 1120 306 1562
1691 255 1762 304 627

108 362 151 407 le
174 362 401 420 pareciere
423 363 513 408 mal
535 363 596 406 mi
618 363 754 416 letra,
780 363 1048 408 consuelese
1072 377 1159 406 con
1190 376 1280 418 que
1308 362 1351 405 la
1373 375 1488 419 suya
1514 376 1564 406 es
1593 375 1704 418 peor
1730 362 1758 403 ¹.

111 443 182 485 De
203 447 392 486 nuestro
416 441 563 486 Sefior
584 445 611 484 a
634 442 690 485 V.
718 441 772 484 R.
799 441 844 484 lo
871 454 962 497 que
989 441 1126 484 desea
1156 455 1266 497 para
1298 454 1353 484 su
1386 445 1518 483 santo
1550 437 1759 483 servicio.

203 519 274 561 En
295 518 500 572 Cuenca,
526 533 617 563 xxx
637 518 696 562 de
718 520 870 562 Enero
898 518 1024 573 1562.

353 594 464 652 Hijo
487 596 545 640 de
568 597 625 640 V.
653 597 727 649 R.,
755 610 935 652 avnque
956 596 1179 653 yndigno,

895 674 962 717 ΕΙ,
984 674 1191 719 Docron
1214 674 1468 718 VERGARA.
1494 671 1525 730 †

204 787 451 844 Inscriptio
472 787 522 830 in
546 791 713 844 quarta
728 788 928 845 pagina:
944 750 1044 846 Jlis.
1065 787 1127 831 Al
1144 801 1253 843 muy
1275 787 1391 831 Rdo.
1418 801 1476 830 en
1497 786 1556 829 X.
1563 795 1586 820 0
1615 785 1764 829 Padre

114 866 156 910 el
179 867 379 910 Maestro
395 866 644 923 Jeronymo
667 865 829 918 Nadal,
856 879 1125 922 comysaryo
1155 865 1344 954 general
1371 861 1444 923 [de
1472 862 1531 924 l]a
1565 864 1764 920 Compa-

116 957 206 998 nya
228 943 286 987 de
301 943 422 1000 Jhs.,
448 957 504 987 en
530 944 727 1000 Burgos.

202 1020 312 1063 Alia
333 1034 494 1063 manu:
514 1021 567 1063 D.
595 1021 818 1077 Vergara.
849 1019 922 1064 62.

204 1098 346 1140 Extat
367 1097 516 1155 sigilli
537 1099 800 1155 vestigium.

342 1350 605 1393 PATER
659 1349 1213 1394 HIERONYMUS
1266 1349 1546 1394 NADAL

608 1444 771 1480 PATRI
791 1443 1144 1482 GUNDISALVO
1163 1444 1270 1480 VAz

475 1530 769 1585 Methymnae
792 1529 832 1586 (Ρ
838 1528 852 1586 )
877 1527 1125 1572 Februario
1148 1529 1187 1586 (Ρ
1194 1528 1208 1585 )
1238 1541 1255 1572 Ι
1263 1528 1404 1583 562

831 1624 1042 1671 Excerpta.

62 1738 64 1740 .
120 1708 344 1755 Respondet,
362 1707 410 1742 Ρ.
432 1706 569 1742 Nadal
587 1707 718 1743 variis
735 1707 868 1743 dubiis
885 1719 912 1742 a
930 1708 980 1742 P.
1008 1707 1088 1742 Vaz
1100 1707 1336 1755 propositis,
1353 1708 1400 1743 de
1415 1707 1531 1743 libris
1542 1707 1770 1755 prohibitis,

185 1769 233 1804 de
256 1767 373 1803 rebus
397 1768 641 1811 domesticis,
669 1768 717 1803 de
740 1767 997 1803 institutione
1025 1767 1375 1810 scholasticorum,
1401 1768 1449 1803 de
1472 1768 1775 1804 commentariis

155 1862 164 1863 i
190 1828 330 1863 Patris
347 1828 396 1862 de
412 1827 599 1868 Fonseca,
620 1828 668 1875 de
686 1829 846 1863 ratione
863 1827 1066 1863 scribendi
1083 1828 1273 1875 epistolas
1290 1828 1346 1864 ad
1358 1828 1610 1876 generalem,
1629 1831 1700 1865 etc.

207 1920 453 1975 Respostas
474 1918 667 1974 dalgUas
690 1923 840 1961 cartas
861 1932 972 1974 pera
987 1932 1016 1961 o
1033 1919 1087 1962 P.
1108 1918 1317 1975 Goncalo
1336 1918 1432 1962 Vaz
1455 1918 1514 1962 do
1532 1919 1586 1962 P.
1608 1918 1771 1972 Nadal,

119 1995 354 2040 recebidas
375 2010 403 2039 a
424 2007 453 2050 4
474 1995 530 2038 de
553 1996 709 2051 Marco
732 1995 747 2016 ⁵
776 1995 833 2038 de
864 1995 991 2050 1562.

192 2141 201 2161 ¹
254 2138 356 2174 Vide
374 2150 506 2186 supra,
525 2149 616 2185 pag.
637 2146 709 2173 xvl
725 2137 775 2173 ad
791 2137 878 2184 fin.,
898 2149 988 2173 cum
1006 2143 1140 2175 annot.
1159 2137 1195 2175 3.

191 2202 206 2221 2
257 2199 316 2233 Ex
341 2202 607 2245 transumpto,
633 2198 673 2234 in
701 2196 798 2233 Cod.
823 2206 860 2242 5,
891 2197 1032 2234 Natat.
1058 2199 1178 2234 instr.
1207 2198 1351 2242 Lusit„
1378 2199 1418 2235 ff.
1447 2200 1532 2247 216,
1556 2207 1641 2245 217.
1667 2200 1777 2237 Haec

119 2265 305 2306 excerpta
323 2264 363 2294 et
381 2270 442 2303 ea,
460 2269 562 2305 quae
579 2257 620 2293 in
638 2257 818 2305 epistolis
837 2258 912 2293 sub
930 2269 999 2293 nn.
1022 2257 1086 2294 181
1108 2263 1149 2294 et
1170 2257 1237 2294 183
1255 2259 1466 2306 habentur,
1481 2271 1629 2295 coaeva
1642 2259 1776 2295 viden-

118 2324 180 2355 tur
198 2318 340 2355 litteris
359 2317 631 2364 originalibus,
651 2329 748 2364 quas
762 2316 923 2364 quidem
943 2328 1022 2369 non
1040 2318 1247 2365 habemus,
1267 2324 1308 2355 et
1326 2331 1374 2355 eo
1391 2319 1469 2355 fine
1488 2331 1538 2355 ex
1561 2318 1639 2355 illis
1657 2319 1775 2355 colle-

117 2382 196 2425 cta,
214 2383 258 2414 ut
275 2378 324 2414 ad
342 2377 492 2425 praxim
511 2376 651 2412 melius
669 2375 814 2412 deduci
832 2381 997 2423 possent
1015 2388 1076 2424 ea,
1095 2389 1195 2425 quae
1215 2389 1237 2412 a
1250 2367 1300 2413 P.
1317 2378 1440 2414 Nadal
1457 2379 1776 2426 praescribeban-

122 2442 197 2473 tur.
217 2438 423 2485 Responsa
447 2437 555 2472 varia
578 2436 619 2472 in
642 2436 751 2472 hisce
777 2436 976 2483 excerptis
1000 2442 1202 2482 contenta,
1227 2438 1408 2485 quamvis
1427 2450 1476 2474 ex
1502 2438 1680 2485 epistolis
1699 2450 1775 2474 non

121 2497 260 2534 eadem
277 2497 342 2533 die
360 2495 517 2543 scriptis
534 2495 744 2543 desumpta
762 2494 924 2539 fuerint,
944 2496 984 2531 in
1008 2495 1144 2532 codice
1169 2496 1286 2532 simul
1309 2497 1519 2545 conjuncta
1543 2499 1737 2533 habentur
1755 2509 1776 2533 a

121 2556 189 2592 fol.
209 2557 278 2592 216
301 2556 352 2592 ad
374 2565 465 2602 219,
491 2555 665 2591 numeris
684 2554 730 2591 33
754 2555 954 2591 distincta.
975 2556 1196 2592 Nonnullae
1219 2557 1497 2604 responsiones
1521 2558 1774 2600 cancellatae,

121 2628 195 2652 nec
212 2616 384 2652 numeris
403 2615 582 2661 signatae
601 2614 798 2651 interdum
815 2620 1019 2662 apparent,
1037 2627 1138 2663 quae
1156 2616 1235 2663 legi
1261 2628 1339 2652 non
1364 2618 1511 2653 valent.
1531 2616 1633 2653 Cum
1657 2617 1777 2663 igitur

120 2676 276 2722 singula
293 2687 482 2723 responsa
500 2679 703 2710 numerata
722 2675 816 2720 sint,
837 2674 878 2710 in
895 2675 968 2710 hac
995 2674 1163 2722 epistola
1182 2676 1343 2712 eosdem
1370 2687 1570 2723 numeros,
1595 2677 1661 2723 qui
1685 2682 1777 2712 sunt

120 2734 160 2783 in
181 2735 323 2771 Codice
339 2744 377 2779 5,
397 2745 653 2781 apponemus.
675 2734 720 2768 In
739 2733 918 2780 epistolis
939 2744 1034 2768 vero
1055 2734 1118 2769 181
1146 2739 1187 2770 et
1213 2734 1296 2781 183,
1323 2729 1480 2781 praeter
1503 2746 1709 2770 numerum
1727 2735 1776 2770 de

119 2806 227 2831 more
245 2793 413 2840 singulis
431 2793 683 2841 paragraphis
698 2793 884 2840 positum,
907 2792 1041 2841 alium,
1060 2805 1178 2842 quem
1202 2794 1243 2830 in
1269 2793 1406 2830 codice
1433 2795 1595 2840 habent,
1622 2794 1777 2831 uncinis

119 2855 314 2890 inclusum
331 2852 576 2899 adjiciemus.
597 2852 642 2887 In
661 2851 837 2897 margine
856 2851 987 2887 variae
1011 2853 1286 2889 annotationes
1305 2853 1461 2888 additae
1480 2852 1656 2899 fuerunt,
1684 2865 1778 2900 qua-

121 2925 207 2949 rum
232 2912 332 2948 aliae
355 2923 548 2948 summam
571 2911 840 2958 responsionis
865 2911 1074 2957 exhibent3
1103 2912 1203 2948 aliae
1233 2924 1316 2948 rem
1343 2912 1398 2948 ibi
1422 2911 1703 2959 praescriptam
1729 2913 1778 2948 ad

123 2971 274 3020 praxim
291 2970 524 3019 quantocius
543 2969 820 3015 reducendam,
840 2980 939 3006 voce
952 2970 1122 3007 lusitana
1136 2972 1243 3020 logo,
1258 2971 1448 3017 indicant;
1470 2971 1584 3017 aliae,
1606 2976 1649 3007 ut
1667 2984 1778 3009 verse

123 3044 164 3075 a,
184 3031 387 3078 negotium
405 3029 563 3077 aliquod
580 3029 630 3065 ad
647 3041 814 3066 examen
830 3030 1110 3079 revocandum,
1130 3036 1171 3067 et
1187 3031 1249 3068 his
1267 3031 1413 3068 similia
1432 3030 1670 3077 significant.

200 3093 214 3113 ⁵
264 3092 353 3139 Qua
376 3089 440 3125 die
470 3090 584 3125 datae
608 3089 755 3126 fuerint
783 3090 857 3126 hae
882 3089 1054 3138 litterae,
1084 3102 1163 3128 non
1187 3097 1356 3128 constat.
1383 3091 1592 3127 Probabile
1623 3090 1780 3129 videtur
