2098 3548
302 325 329 352 x
628 364 632 368 Ι
870 317 1116 353 PRAEFATIO
1143 323 1379 352 GENERAns

303 425 502 476 ereptus,
528 420 791 464 Ruthenum
819 418 964 476 petiit,
995 417 1075 462 ubi
1104 419 1162 462 de
1189 418 1382 476 collegio
1409 417 1689 462 instituendo
1717 433 1821 462 cum
1850 433 1947 463 car-

301 496 439 540 dinali
461 496 573 554 egit,
599 503 659 550 et,
685 497 940 541 billomensi
957 503 1003 540 et
1021 496 1287 540 turnonensi
1309 496 1513 554 collegiis
1534 496 1834 554 perlustratis,
1855 497 1950 541 Lu-

305 574 459 619 tetiam
483 589 586 618 cum
611 574 857 618 Paschasio
881 576 1020 618 Broet
1047 573 1237 617 feliciter
1258 574 1480 630 pervenit.

392 652 502 697 Inde
528 651 582 714 in.
614 652 841 710 Belgium,
883 659 928 695 et
959 651 1251 695 Germaniam
1285 651 1478 696 transiit.
1515 652 1661 698 Sociis
1693 652 1875 697 assidue
1902 652 1946 696 in

303 729 479 774 haeresi
500 730 769 787 extirpanda
790 737 836 773 et
857 728 1091 773 catholicis
1114 729 1435 773 confirmandis
1457 730 1800 783 desudantibus,
1831 745 1951 774 nova

303 806 398 851 suis
415 807 598 851 monitis
621 807 746 851 addit
767 806 975 860 calcaria,
1000 813 1199 850 moestos
1221 807 1408 860 solatur,
1429 814 1708 864 opportunas
1729 822 1811 864 pro
1835 814 1951 852 tem-

304 899 412 941 pore
434 885 573 942 pestis
595 884 926 929 admonitiones
948 884 1173 941 suggerit,
1194 884 1240 928 in
1258 885 1371 928 duas
1387 884 1643 942 provincias
1659 885 1951 930 Germaniam

306 961 469 1006 dividit
487 963 648 1020 (1563).

394 1042 585 1084 Ineunte
607 1055 726 1084 anno
765 1042 891 1096 1564,
918 1055 1022 1084 cum
1053 1043 1105 1084 Ρ.
1144 1040 1311 1084 Lainez
1349 1047 1539 1085 mortem
1569 1040 1774 1098 oppetiit,
1795 1026 1954 1091 'Nadal

306 1133 493 1162 munere
515 1118 703 1162 rectoris
721 1118 902 1175 collegii
918 1118 1093 1162 romani
1111 1120 1406 1175 fungebatur,
1428 1133 1519 1175 quo
1535 1117 1583 1161 in
1600 1118 1748 1162 officio
1766 1125 1951 1162 strenue

305 1195 573 1240 allaboravit
594 1210 740 1252 usque
762 1196 819 1239 ad
841 1195 948 1239 anni
987 1196 1098 1251 1566
1120 1195 1263 1249 initia,
1296 1211 1437 1252 quum
1465 1196 1583 1240 inter
1607 1210 1663 1252 30
1687 1196 1842 1248 ferme,
1875 1194 1953 1251 qui

310 1273 392 1318 Pio
416 1275 509 1317 ΡΡ.
537 1275 578 1318 V
606 1273 824 1330 propositi
849 1274 1029 1317 fuerant
1059 1273 1151 1330 apti
1181 1274 1417 1331 paratique
1438 1275 1496 1318 ad
1524 1274 1808 1331 pergendum
1837 1287 1953 1329 quo—

307 1365 503 1407 cumque
522 1351 609 1408 ipsi
625 1351 872 1404 videretur,
893 1351 1040 1395 Nadal
1058 1358 1103 1394 et
1121 1352 1341 1396 Ledesma
1357 1367 1384 1395 a
1400 1351 1615 1409 pontifice
1630 1350 1786 1395 selecti
1808 1351 1950 1402 fuere,

308 1428 385 1484 qui
408 1429 467 1471 ad
489 1435 798 1486 augustanum
821 1436 1098 1472 conventum
1120 1429 1532 1486 proficiscerentur.
1592 1431 1595 1433 ’

398 1506 528 1552 Sicut
564 1506 772 1563 [gnatius
809 1513 855 1550 et
882 1506 1071 1560 LaineZ,
1098 1507 1159 1551 ita
1188 1509 1235 1552 S.
1269 1509 1304 1551 F
1308 1522 1540 1551 ranclscus
1578 1507 1636 1550 de
1671 1506 1806 1562 Borja
1843 1505 1955 1549 nulli

306 1583 455 1640 aptius
478 1598 613 1640 quam
637 1585 784 1628 Nadal
822 1584 1066 1628 visitatoris
1103 1585 1382 1651 provinciam
1419 1585 1719 1641 delegandam
1757 1582 1951 1628 censuit.

308 1663 424 1704 Eum
446 1660 587 1718 igitur
609 1663 666 1705 ad
683 1662 976 1706 Germaniam
994 1664 1146 1719 perlus
1152 1664 1356 1706 trandam
1375 1662 1512 1716 misit,
1534 1663 1802 1718 fructusque
1819 1662 1955 1704 uber-

309 1738 445 1782 rimos
461 1753 518 1782 ex
533 1740 620 1783 hac
636 1739 895 1784 visitatione
908 1740 1092 1797 collegit
1110 1740 1341 1785 Societas
1330 1756 1377 1783 m
1388 1739 1634 1785 Germania
1649 1739 1797 1798 (1566·
1809 1738 1950 1795 1568).

398 1818 586 1860 Romam
625 1832 877 1874 regressus,
907 1817 954 1861 in
978 1818 1126 1862 Patris
1155 1819 1304 1862 Araoz
1333 1819 1507 1872 locum,
1539 1816 1756 1861 assistens
1785 1815 1954 1872 Hispa-

309 1893 411 1938 niae
432 1894 707 1948 nominatur,
733 1902 779 1939 et
800 1896 980 1939 duobus
1002 1903 1104 1952 post
1126 1896 1273 1950 annis,
1301 1895 1472 1953 Borgia
1493 1895 1540 1938 in
1562 1893 1954 1952 Hispaniamcum

310 1971 526 2015 cardinali
551 1972 859 2016 Alexandrino
882 1975 1200 2026 contendente,
1228 1981 1368 2017 totam
1391 1973 1682 2025 Societatem,
1701 1970 1858 2015 vicarii
1873 1985 1956 2028 ge—

311 2049 475 2092 neralis
493 2049 624 2094 titulo
646 2051 703 2093 ab
726 2049 823 2106 ipso
848 2051 1015 2107 Borgia
1037 2051 1300 2108 insignitus,
1326 2066 1502 2095 summa
1527 2049 1769 2108 prudentia
1796 2055 1842 2092 et
1863 2049 1957 2092 ala—

312 2126 473 2171 critate
494 2127 770 2184 gubernavit
793 2129 1098 2186 (1571-1572).
1127 2130 1336 2185 Cumque
1359 2130 1494 2186 paulo
1526 2135 1644 2185 post,
1666 2126 1749 2171 Pio
1778 2128 1820 2171 V
1842 2141 1957 2183 pon—
1980 2148 1983 2150 -

314 2203 434 2247 tifice
462 2204 555 2247 vita
585 2205 757 2257 functo,
790 2204 831 2249 ei
859 2205 1114 2262 Gregorius
1152 2208 1257 2250 XIII
1289 2205 1603 2260 successisset,
1637 2205 1758 2262 apud
1789 2218 1956 2248 novum

313 2281 573 2338 pontificem
590 2297 672 2339 pro
690 2282 930 2327 Societatis
947 2283 1166 2328 institutis
1184 2284 1229 2327 in
1247 2284 1482 2342 pristinam
1499 2283 1808 2341 integritatem
1826 2281 1959 2327 resti-

314 2359 494 2403 tuendis
515 2375 684 2417 magna
704 2360 749 2403 vi
772 2368 818 2404 et
839 2361 969 2418 copia
996 2370 1368 2418 argumentorum
1391 2362 1539 2407 Nadal
1560 2360 1804 2419 peroravit,
1835 2360 1958 2416 quod

312 2435 494 2492 quidem
516 2452 598 2494 pro
620 2437 738 2481 votis
765 2437 806 2482 ei
829 2439 1063 2493 successit,
1096 2455 1186 2496 quo
1208 2441 1264 2483 de
1292 2440 1505 2484 universa
1531 2439 1759 2485 Societate
1788 2436 1957 2494 optime

315 2514 502 2558 meritus
524 2522 608 2558 est.

401 2592 594 2637 Ultimos
617 2595 799 2637 tandem
823 2594 942 2641 vitae
964 2609 1073 2638 suae
1096 2610 1254 2647 annos,
1275 2595 1438 2651 partim
1455 2595 1601 2638 Halae
1621 2594 1669 2637 in
1691 2593 1953 2647 Germania,

311 2669 387 2712 ubi
411 2670 605 2713 absolvit
627 2670 790 2714 librum
814 2671 1157 2715 annotationum
1181 2672 1227 2715 in
1249 2672 1503 2729 evangelia,
1528 2671 1690 2729 partim
1719 2673 1890 2715 Romae
1910 2670 1958 2713 in

311 2747 445 2790 domo
468 2747 746 2803 probationis
764 2747 848 2793 Sti.
876 2749 1087 2792 Andreae
1109 2749 1348 2806 transegit3
1374 2749 1526 2805 ibique
1549 2764 1810 2806 supremum
1838 2747 1957 2792 diem

315 2824 441 2878 obiit,
467 2825 540 2869 die
564 2825 746 2869 Christo
773 2825 975 2869 redivivo
1013 2841 1160 2880 sacro,
1202 2843 1379 2871 summo
1423 2842 1572 2882 mane,
1606 2841 1630 2883 3
1655 2826 1825 2884 Aprilis
1853 2825 1959 2869 anni

323 2903 448 2957 1580,
474 2902 635 2946 aetatis
657 2917 776 2946 anno
800 2902 915 2958 73.⁰,
942 2904 998 2947 ab
1021 2904 1118 2959 ejus
1140 2904 1187 2947 in
1210 2905 1485 2949 Societatem
1502 2904 1729 2962 ingressu,
1756 2903 1854 2959 35.ο

408 2981 645 3024 «Staturae
668 2980 752 3023 fuit
775 2980 994 3034 modicae,
1019 2981 1171 3038 potius
1194 2996 1328 3037 quam
1344 2982 1550 3039 pusillae,
1572 2982 1634 3025 ait
1651 2980 1904 3027 Sacchinus
1926 2981 1955 3034 ¹,

390 3151 397 3170 ¹
454 3149 557 3184 Hist.
581 3149 664 3184 Soc.
678 3149 737 3195 J.‚
759 3154 856 3195 part.
878 3149 947 3195 IV,
968 3149 1035 3184 lib.
1058 3150 1163 3192 VIII,
1187 3162 1224 3184 n.
1247 3158 1290 3194 25
1311 3156 1350 3185 et
1369 3163 1477 3197 seqq.
