2098 3548
295 298 382 329 xxn
866 293 1112 329 PRAEFAno
1138 299 1374 328 GENERAus

295 420 354 446 -ὴ
374 421 434 427 —
454 391 514 427 4
536 396 734 452 Quando
756 392 909 440 autem
932 392 1150 439 nonnulla
1173 394 1218 437 in
1248 401 1376 439 textu
1408 410 1435 439 a
1462 394 1593 439 nobis
1621 394 1944 452 supprimenda

295 462 554 526 videantur,
574 475 666 517 vhac
683 470 805 517 'serie
826 468 1099 530 punctorum
1106 506 1255 516 ........
1282 472 1599 517 indicabimus.

386 551 430 595 6.
495 550 805 607 Scriptionum
833 549 1102 607 compendia
1130 549 1226 593 sive
1257 550 1390 607 sigla,
1423 565 1539 607 quae
1576 550 1623 594 in
1655 548 1889 594 codicibus
1918 565 1945 594 a

297 626 429 672 nobis
441 626 724 686 ‘evulgandis
747 627 1110 684 frequentissime
1133 635 1427 685 usurpantur,
1446 643 1530 672 nos
1547 629 1742 672 enodata
1757 635 1803 672 et
1818 643 1945 672 com-

298 705 425 750 muni
446 720 572 750 more
594 705 762 762 scripta
783 706 1083 762 proferemus,
1108 704 1267 762 paucis
1294 705 1512 763 exceptis,
1545 720 1739 762 quorum
1767 720 1879 762 usus
1900 713 1947 750 et

295 782 571 841 significatio
596 782 807 827 omnibus
837 783 931 827 fere
956 789 1065 826 nota
1092 789 1215 826 sunt.
1248 784 1424 827 Harum
1454 790 1607 828 tamen
1633 790 1846 828 notarum
1872 784 1947 828 vel

298 861 518 919 siglorum
540 861 799 918 catalogum
822 874 1108 905 cumeorum
1130 860 1432 926 explicatione
1453 861 1606 905 statim
1629 861 1855 906 dabimus.

340 937 342 939 ’
388 949 431 993 7.
498 938 640 983 Uncis
662 937 894 995 quadratis
917 938 930 996 [
953 939 966 997 ]
991 945 1172 982 utemur
1195 953 1276 995 pro
1298 938 1608 983 additionibus
1636 940 1708 983 vel
1730 939 1948 984 emenda-

298 1015 497 1060 tionibus
519 1031 545 1059 a
567 1016 698 1060 nobis
721 1015 868 1069 factis,
894 1015 981 1059 nisi
1004 1015 1188 1060 aliunde
1210 1015 1367 1060 lectori
1389 1031 1415 1060 a
1437 1016 1569 1061 nobis
1592 1017 1728 1061 talem
1751 1016 1948 1061 additio—

300 1109 406 1138 nem
438 1093 630 1151 positam
660 1093 800 1138 fuisse
831 1093 1101 1146 constiterit,
1136 1101 1202 1147 ut,
1230 1093 1423 1151 exempli
1455 1093 1619 1151 gratia,
1651 1093 1699 1138 in
1730 1093 1946 1147 numeris,

302 1186 417 1228 quos
439 1171 634 1229 singulis
657 1171 952 1229 paragraphis
974 1171 1200 1225 addimus,
1227 1178 1278 1215 ut
1299 1186 1437 1228 supra
1458 1171 1631 1215 dictum
1654 1178 1739 1216 est.

391 1250 434 1293 8.
502 1248 684 1293 Litteris
706 1248 969 1306 majusculis
990 1255 1168 1293 tantum
1191 1256 1373 1293 utemur
1394 1248 1441 1293 in
1462 1248 1723 1293 nominibus
1739 1248 1946 1307 propriis,

303 1326 443 1370 initiis
479 1329 885 1384 paragraphorum,
926 1326 1055 1384 siglis
1093 1326 1382 1383 quibusdam,
1424 1326 1568 1371 titulis
1599 1327 1847 1372 nobilitatis
1879 1328 1951 1371 vel

302 1404 536 1458 librorum,
562 1411 608 1449 et
629 1404 787 1462 paucis
809 1404 908 1449 aliis
929 1419 974 1448 v.
999 1419 1047 1462 g.
1083 1405 1276 1448 Vuestra
1306 1405 1590 1458 Excelencia,
1613 1405 1811 1448 Societas
1824 1405 1951 1464 Jesu,

304 1484 507 1526 Litterae
534 1483 920 1538 Quadrimestres,
943 1490 1031 1527 etc.

395 1575 438 1618 9.
506 1562 556 1604 In
588 1575 667 1604 ora
704 1560 926 1617 superiori
962 1560 1249 1618 singularum
1278 1559 1564 1618 paginarum,
1596 1559 1871 1613 notabimus,
1906 1559 1953 1603 in

306 1637 506 1695 paribus,
537 1639 861 1682 documentum
899 1645 944 1682 et
981 1639 1080 1695 ejus
1117 1652 1357 1692 numerum
1395 1637 1581 1693 ordinis;
1621 1637 1669 1681 in
1706 1637 1952 1695 imparibus

307 1713 449 1768 diem,
469 1730 686 1769 mensem,
712 1722 758 1760 et
779 1731 965 1760 annum.

406 1806 472 1838 10.
539 1794 672 1838 Initio
694 1794 917 1850 cujusque
933 1794 1198 1839 documenti
1221 1809 1303 1839 seu
1320 1794 1537 1851 epistolae
1558 1794 1781 1838 addimus:
1802 1797 1852 1850 a)
1867 1809 1955 1838 nu—

310 1886 483 1915 merum
507 1871 692 1915 ordinis.
718 1872 763 1927 b)
785 1887 952 1916 nomen
974 1872 1173 1916 auctoris
1195 1871 1472 1916 documenti.
1499 1876 1541 1928 c)
1562 1886 1728 1916 nomen
1756 1871 1876 1916 illius
1899 1872 1955 1916 ad

309 1963 445 2005 quem
472 1949 701 1993 scribitur.
727 1950 777 2005 d)
804 1951 974 2005 locum,
1006 1950 1143 2005 diem,
1174 1965 1363 1995 mensen
1390 1957 1437 1994 et
1465 1964 1651 1994 annum.
1684 1953 1728 2005 e)
1755 1964 1956 1994 summa—

312 2026 446 2082 rium,
477 2027 535 2071 de
561 2041 653 2083 quo
682 2041 834 2084 supra.
860 2029 915 2086 f)
935 2027 1283 2085 descriptionem
1311 2027 1573 2072 documenti
1596 2027 1643 2071 in
1665 2026 1957 2072 annotatione

313 2104 370 2147 ad
393 2104 563 2148 calcem
586 2103 795 2162 paginae;
821 2105 878 2148 de
906 2119 997 2161 qua
1023 2105 1135 2149 illud
1162 2105 1614 2149 animadvertendum
1630 2111 1716 2158 est,
1740 2111 1843 2162 post
1870 2119 1958 2148 nu-

313 2196 488 2226 merum
511 2181 620 2237 folii,
646 2181 693 2225 in
714 2196 805 2238 quo
822 2182 980 2240 incipit
995 2183 1323 2228 documentum
1339 2198 1445 2236 ms.,
1466 2182 1578 2226 alios
1599 2197 1813 2228 numeros
1829 2181 1960 2227 uncis

314 2259 514 2304 inclusos
535 2260 778 2317 designare
800 2260 1034 2317 pristinam
1057 2260 1258 2318 ipsorum
1281 2261 1552 2318 scriptorum
1581 2254 1956 2305 numerationemss

412 2350 428 2381 1
443 2350 480 2381 Ι.
546 2339 597 2381 In
618 2338 710 2382 fine
731 2337 1017 2395 singulorum
1039 2338 1338 2392 voluminum,
1358 2338 1532 2383 indices
1552 2353 1721 2392 rerum,
1744 2352 1961 2395 persona—

316 2429 433 2468 rum,
458 2415 661 2459 locorum
683 2422 730 2459 et
745 2415 1125 2460 documentorum
1147 2416 1372 2460 dabimus.

412 2505 478 2536 12.
544 2494 596 2536 In
617 2491 847 2537 nonnullis
868 2492 1048 2549 scriptis
1076 2492 1257 2550 majoris
1285 2493 1520 2546 momenti,
1550 2508 1595 2536 v.
1616 2507 1665 2550 g.
1695 2492 1740 2536 in
1771 2493 1963 2538 formula

317 2569 610 2628 professionis
648 2572 701 2614 P.
742 2570 910 2624 Nadal,
942 2571 1282 2628 ortographiam
1310 2578 1356 2615 et
1389 2570 1801 2627 interpunctionem
1829 2577 1962 2615 auto-

318 2647 481 2705 graphi
503 2646 687 2691 omnino
709 2649 955 2692 servandas
976 2641 1207 2704 duximus,
1231 2649 1518 2693 discedentes
1533 2649 1620 2692 hac
1635 2647 1682 2691 in
1699 2663 1748 2693 re
1763 2663 1790 2692 a
1806 2663 1963 2692 norma

319 2725 450 2770 nobis
473 2741 554 2783 pro
576 2724 766 2770 caeteris
788 2726 1093 2770 monumentis
1110 2727 1395 2783 praestituta.

415 2816 481 2859 13.
549 2801 639 2848 Ubi
661 2817 768 2846 mss.
795 2804 964 2847 habent
985 2818 1008 2846 e
1029 2818 1134 2847 cum
1157 2804 1285 2861 apice
1302 2803 1554 2861 supposito,
1573 2804 1674 2847 loco
1690 2802 1964 2860 diphthongi

318 2895 371 2924 ae
392 2881 469 2924 vel·
486 2895 547 2934 oe,
570 2894 654 2924 nos
675 2879 797 2937 ipsos
819 2874 1131 2938 diphthongos
1154 2896 1206 2925 ae
1228 2882 1302 2926 vel
1322 2896 1371 2924 oe
1393 2880 1660 2925 scribemus.
1941 2876 1944 2879 ’

410 2960 508 3002 Has
536 2958 742 3016 regulas,
774 2964 909 3014 prout
939 2957 1157 3012 diximus,
1198 2958 1480 3003 servabimus
1509 2957 1557 3003 in
1593 2957 1791 3003 editione
1820 2972 1962 3002 manu

321 3034 608 3092 scriptorum3
634 3048 751 3092 quae
767 3049 875 3078 vero
892 3050 948 3079 ex
965 3036 1177 3093 operibus
1193 3036 1287 3093 jam
1307 3035 1425 3093 typis
1442 3026 1620 3080 excusis
1637 3034 1961 3087 mutuabimur,

321 3128 397 3165 ea,
415 3119 550 3170 prout
572 3111 692 3156 edita
715 3113 915 3166 fuerunt,
941 3127 1023 3156 nos
1045 3113 1180 3158 etiam
1203 3113 1498 3171 proferemus.
