2028 3484
735 299 785 337 '29
811 290 1060 328 Novrmssms
1070 323 1077 329 ,,
1090 300 1181 338 1554
1711 303 1780 344 275

138 393 277 437 molto
306 400 548 449 contento,
583 401 629 440 et
655 408 864 451 speramo
891 409 917 437 a
944 394 988 437 lo
1016 394 1186 450 Spiritu
1217 396 1360 439 Santo
1390 397 1506 439 cossi
1535 397 1572 439 si
1597 399 1713 442 farra
1734 400 1780 442 di

133 470 164 513 li
185 470 286 515 altri
309 473 394 516 che
415 471 453 516 si
476 478 669 515 trouano
690 470 737 514 in
758 470 874 514 ditta
895 472 1016 531 6353,
1036 471 1068 514 li
1085 471 1208 527 quali
1226 472 1268 515 al
1285 479 1496 528 presente
1516 487 1570 516 su
1588 475 1645 518 da
1662 475 1781 519 circa

135 547 211 591 xii:
237 537 283 592 et
304 563 356 592 su
379 547 509 591 multi
531 547 671 592 donni
693 548 739 591 d’
764 547 1086 593 honestissima
1107 548 1202 591 vita
1224 549 1310 593 che
1339 549 1476 592 fanno
1498 550 1529 592 l’
1554 551 1702 595 officio
1733 553 1778 596 di

135 625 303 671 andare
324 640 404 682 per
427 625 470 669 la
491 625 601 669 citt&
624 639 650 669 3
677 624 926 670 conuertir'
952 631 998 670 et
1020 625 1088 669 far
1109 625 1329 670 deu'enire
1356 641 1382 669 a
1403 627 1685 683 pentimento
1706 630 1779 675 del

134 709 323 758 peceato
351 717 379 746 a
406 701 575 748 diuersi
603 700 744 747 donni
770 701 940 760 publici
967 701 1247 756 meretrichi,
1266 703 1337 747 sda
1364 703 1394 745 li
1423 704 1544 760 quali
1572 720 1778 762 speramo

135 779 254 825 farse
282 780 371 825 tale
398 794 536 837 opera
570 781 655 827 che
677 780 790 838 Jessi
819 779 1002 824 Christo
1028 781 1154 826 serr&
1181 779 1367 825 seruito.
1404 781 1470 824 La
1497 782 1617 837 quali
1646 797 1772 837 casa,

132 857 326 911 benche,
351 863 422 901 sta
443 857 486 902 ia
507 871 595 901 con
615 857 660 901 lo
682 857 892 915 guberno
913 856 959 900 di
980 856 1094 902 detti
1124 854 1318 901 confrati
1331 890 1341 910 ,
1366 872 1544 915 sempre
1566 866 1636 904 sta
1658 868 1777 905 sotto

129 934 172 979 la
193 949 302 979 cura
324 942 370 981 et
391 950 527 980 mano
547 934 593 978 di
615 934 729 980 detti
744 934 853 990 Rdi.
882 934 1034 988 Padri,
1061 941 1107 979 et
1127 933 1160 977 il
1180 934 1308 979 detto
1332 933 1470 979 P.'M.
1493 936 1665 980 Antoni
1684 953 1775 981 non

130 1027 291 1057 manea
318 1012 407 1057 mai
435 1012 481 1057 di
510 1013 577 1057 far
606 1028 632 1056 a
659 1011 771 1057 detti
799 1011 940 1056 donni
967 1011 1226 1075 meretriehi
1253 1011 1384 1055 multi
1418 1012 1527 1056 boni
1559 1015 1767 1058 exhorta—

131 1089 259 1144 tioni,
285 1097 331 1136 et
351 1090 465 1134 darli
487 1090 618 1134 multi
639 1089 748 1134 boni
770 1088 965 1146 exempli
991 1089 1170 1134 benche
1197 1089 1307 1146 ogni
1336 1089 1563 1133 dominica
1592 1098 1638 1141 et
1665 1092 1774 1148 ogni

105 1190 107 1192 ·
131 1167 246 1212 festa
267 1174 313 1213 et
333 1167 382 1212 lu
403 1168 559 1213 veneri
581 1166 752 1211 matino
774 1166 944 1212 nexino
962 1166 1020 1210 da
1038 1166 1165 1211 detta
1182 1180 1288 1210 casa
1304 1173 1351 1211 et
1366 1166 1536 1212 venino'
1551 1180 1638 1211 con
1655 1169 1774 1213 bona

129 1244 366 1302 diligentia
387 1245 434 1288 in
456 1246 553 1290 Sto.
579 1244 741 1289 Nicolo
763 1244 820 1288 ad
841 1242 1079 1289 intendere
1100 1243 1143 1288 le
1164 1243 1379 1300 prediehe
1401 1250 1448 1289 et
1468 1245 1665 1289 sermoni
1688 1247 1773 1291 che

130 1322 177 1366 in
197 1322 312 1367 ditta
334 1322 526 1368 ecclesia
553 1321 591 1365 si
614 1323 767 1366 fanno.

218 1401 260 1444 6.
325 1402 420 1446 Sua
442 1399 585 1444 Ex.cia
607 1399 645 1443 si
666 1399 813 1457 partio
835 1399 893 1443 da
915 1405 1078 1455 questa
1098 1398 1209 1442 citt&
1230 1413 1310 1455 per
1334 1399 1556 1447 Palermo.
1579 1401 1770 1445 Eraan—

126 1493 232 1522 cora
253 1479 360 1522 dato
381 1477 602 1535 principio
622 1476 799 1536 dibfarsi
821 1476 1010 1521 scriuire
1037 1475 1164 1520 molti
1187 1475 1473 1532 gentilomini
1497 1483 1544 1522 et
1565 1477 1769 1522 cittadini

124 1572 205 1614 per
219 1556 433 1601 scriuirse
448 1563 495 1601 et
512 1557 631 1601 farse
646 1556 676 1598 l’
696 1569 834 1612 opera
851 1555 909 1599 de
926 1556 1084 1599 Monte
1099 1554 1157 1599 de
1173 1555 1216 1598 13
1234 1554 1381 1608 pieta,
1401 1561 1448 1599 et
1463 1568 1545 1611 per
1561 1555 1604 1599 13
1621 1556 1769 1602 celere

122 1641 338 1691 partenza
359 1633 405 1677 di
427 1635 522 1679 Sua
550 1631 699 1677 Ex.eia
714 1666 724 1686 ,
750 1632 830 1677 fini
852 1633 896 1676 al
916 1631 1116 1689 presenti
1138 1641 1236 1676 non
1252 1633 1278 1676 6
1306 1631 1538 1689 complita.
1565 1633 1622 1676 Et
1653 1634 1768 1678 altro

124 1725 218 1755 non
239 1725 445 1765 oceorre,
474 1713 560 1756 che
588 1724 754 1767 pregar
782 1709 870 1754 Dio
897 1715 1054 1753 nostro
1082 1708 1279 1766 Signore
1306 1709 1350 1753 13
1375 1711 1427 1753 Ρ.
1455 1710 1512 1754 V.
1544 1724 1766 1756 conserue

123 1789 170 1832 in
197 1803 283 1833 suo
311 1795 444 1833 santo
470 1787 680 1842 seruitio,
711 1802 843 1832 como
869 1787 1027 1840 desea,
1054 1793 1106 1831 >et
1133 1787 1176 1830 13
1203 1801 1347 1844 prego
1374 1795 1706 1834 summamente
1727 1789 1765 1832 si

124 1865 252 1924 digni
281 1866 376 1911 fare
403 1865 611 1910 oratione
639 1881 665 1909 a
686 1866 798 1924 Jesfi
826 1863 1009 1908 Christo
1037 1863 1098 1907 mi
1124 1863 1254 1921 ,digni
1282 1863 1431 1922 gratia
1457 1865 1533 1908 ch’
1562 1865 1605 1908 io
1627 1879 1763 1922 possa

122 1945 217 1990 fare
239 1943 489 2001 penitentia
508 1942 555 1986 di
576 1942 664 1988 mei
686 1942 878 1999 peceati,
903 1948 949 1986 et
971 1941 1289 1985 conformarmi
1310 1954 1489 1998 Sempre
1505 1955 1591 1986 eon
1614 1943 1657 1995 lo
1679 1955 1767 1994 vo—>

123 2021 204 2066 lire
225 2022 300 2067 del
321 2036 406 2065 suo
429 2020 688 2065 santissimo
710 2018 913 2065 seruitio.
1195 2080 1197 2085 Α

209 2100 280 2144 De
303 2098 518 2153 Messina‚
542 2113 570 2142 3
591 2096 791 2142 xxviiii.o
816 2098 874 2142 de
895 2097 1159 2142 Nouembre
1179 2084 1254 2142 del
1282 2107 1408 2152 1554.

625 2177 683 2219 D.
710 2176 767 2219 V.
796 2177 849 2218 Ρ.
876 2173 1087 2228 seruitor,

941 2253 1185 2296 MATTHEO
1208 2251 1517 2296 CASALAYNA.

207 2332 452 2388 Inscriptio
473 2332 524 2374 in
542 2333 709 2388 quarta
724 2330 923 2387 pagina:
939 2327 969 2386 †
986 2328 1047 2373 Al
1062 2328 1202 2372 molto
1219 2329 1333 2372 Rdo.
1357 2329 1506 2374 Padre
1527 2335 1572 2374 et
1589 2329 1757 2386 Signor

118 2409 226 2464 mio,
250 2408 281 2452 il
301 2408 470 2465 Signor
491 2410 596 2452 Don
623 2406 906 2465 Hyeronimo
933 2406 990 2450 de
1020 2405 1183 2450 Natale
1210 2419 1295 2448 suo
1325 2408 1427 2451 Pre.
1454 2431 1512 2439 —
1529 2432 1660 2439 ——
1682 2407 1756 2451 nel

119 2485 313 2543 collegio
335 2486 409 2530 del
430 2500 560 2530 sacro
580 2484 740 2529 ordine
761 2484 819 2529 d‘e
839 2484 882 2528 13
903 2484 1093 2539 Comp.a
1119 2481 1164 2526 di
1179 2483 1308 2540 jessi,
1334 2482 1379 2526 in
1403 2484 1560 2527 Roma.

207 2563 315 2606 Alia
336 2577 496 2606 manu:
519 2573 589 2618 54.
617 2561 831 2607 Messina.
859 2573 916 2618 29
938 2559 1214 2604 Nouembre.

159 2657 161 2659 ·
209 2641 367 2698 Sigilli
387 2640 647 2698 vestigium.
