2066 3490
275 260 318 296 14
872 252 1039 289 CHRON.
1066 251 1111 286 P.
1139 251 1327 288 NATAus

269 368 380 407 rem,
405 355 702 398 concluderet
728 356 738 376 ¹
763 354 811 398 in
833 353 1063 398 exercitia.
1085 354 1298 398 Facilitas
1320 354 1493 398 scilicet
1516 362 1562 399 et
1584 355 1764 401 bonitas
1785 357 1924 402 huius

271 431 422 475 Patris
443 446 518 475 me
540 438 687 476 totum
708 432 798 476 iam
820 438 1060 476 notauerat
1082 432 1114 484 ²,
1141 430 1229 475 iam
1253 433 1422 476 fecerat
1446 432 1698 477 theatinum
1722 434 1754 478 ³.

362 523 435 567 39.
502 509 806 554 Eramusiam
829 516 935 553 ante
959 509 1077 552 fores
1099 508 1220 552 illius
1242 509 1421 563 domus,
1446 524 1588 565 quum
1610 525 1719 555 ecce
1741 510 1823 554 tibi
1849 527 1923 556 me

271 586 609 644 aggrediuntur
645 588 738 630 duo
775 601 831 630 ex
860 585 1031 630 familia
1058 585 1210 629 Iacobi
1242 601 1269 629 a
1302 588 1471 640 Puteo,
1507 587 1652 631 Rotae
1683 588 1918 642 auditoris,

272 663 583 707 maioricensis
606 664 638 707 ⁴.
672 664 735 708 Hi
765 663 885 708 enim
915 678 1056 720 quum
1086 677 1160 706 me
1187 662 1410 706 vidissent
1435 678 1517 720 per
1543 664 1718 718 vrbem,
1749 666 1922 710 retule-

270 747 378 784 runt
400 741 458 785 ad
480 741 751 795 auditorem,
778 748 824 785 et
847 742 903 786 ab
926 755 981 784 eo
1003 739 1128 783 missi
1145 747 1195 783 vt
1211 755 1284 783 me
1301 739 1487 784 omnino
1503 742 1561 785 ad
1576 756 1627 785 se
1643 743 1922 787 adducerent

269 818 481 862 domum:
507 833 599 861 non
622 833 886 875 acceperam
910 817 1093 874 quidem
1116 832 1205 874 ego
1226 816 1379 860 literas
1401 817 1459 861 ab
1476 817 1694 863 auditoris
1711 820 1921 877 cognatis

271 895 595 939 Montannanis
620 897 634 918 ⁵
658 894 1065 947 commendatitias,
1097 895 1177 938 sed
1199 893 1263 936 illi
1291 909 1365 938 me
1391 894 1455 937 illi
1484 910 1565 952 per
1591 895 1765 940 litteras
1793 911 1920 942 com--

268 973 620 1016 mendauerant:
646 972 926 1016 existimauit
947 972 1100 1027 itaque
1121 971 1301 1015 auditor
1323 986 1372 1015 se
1388 971 1540 1016 officio
1558 988 1650 1017 non
1668 988 1769 1018 esse
1784 974 1915 1018 satis—

270 1049 514 1102 facturum,
540 1049 578 1093 si
600 1056 830 1106 pateretur
858 1064 930 1093 me
959 1048 1065 1092 alibi
1093 1063 1229 1104 quam
1262 1049 1384 1105 apud
1415 1048 1564 1106 ipsum
1595 1049 1837 1107 hospitari:
1871 1051 1918 1094 hi

268 1126 427 1184 igitur,
468 1142 573 1171 cum
612 1128 907 1171 vehementer
934 1133 1169 1183 vrgerent,
1200 1133 1246 1169 et
1272 1141 1440 1170 nomen
1468 1126 1687 1171 auditoris
1716 1113 1920 1185 grauiter

267 1203 379 1247 mihi
400 1211 682 1261 opponerent
703 1210 749 1247 et
771 1203 1103 1256 auctoritatem,
1131 1202 1262 1246 facile
1283 1218 1530 1260 persuasus
1546 1203 1639 1247 dixi
1655 1206 1918 1250 Domeneco

268 1296 359 1325 non
382 1296 517 1338 posse
538 1296 612 1325 me
632 1282 915 1324 voluntatem
945 1295 998 1324 ac
1027 1281 1085 1324 ab
1113 1280 1321 1324 auditore
1349 1281 1551 1325 oblatum
1579 1282 1818 1340 negligere
1844 1284 1918 1327 vel

269 1358 543 1402 beneficium
565 1359 639 1401 vel
661 1357 947 1415 dignitatem,
973 1364 1019 1400 et
1041 1357 1098 1401 ad
1121 1357 1367 1414 Ignatium,
1392 1359 1562 1402 habere
1589 1358 1675 1415 ipsi
1703 1359 1913 1417 gratiam,

268 1442 513 1480 venturum
535 1444 625 1491 me',
650 1436 708 1479 ad
729 1435 878 1491 ipsum
901 1442 947 1479 et
969 1436 1027 1479 ad
1048 1434 1277 1492 Ignatium
1300 1436 1339 1478 ⁶:
1371 1434 1526 1491 itaque
1553 1437 1735 1493 elapsus
1750 1444 1833 1484 ⁴est
1859 1438 1916 1482 ab

267 1513 367 1558 eius
388 1514 523 1557 hamo
547 1520 656 1556 tunc
679 1512 830 1569 piscis.

358 1603 433 1645 40.
498 1590 616 1635 Veni
639 1605 743 1634 cum
766 1588 1143 1633 maioricensibus
1165 1590 1223 1632 ad
1245 1589 1515 1634 auditorem:
1537 1590 1602 1634 sui
1619 1605 1788 1647 magna
1809 1600 1914 1635 cum

265 1667 551 1711 humanitate
573 1674 619 1710 et
640 1666 805 1710 amoris
828 1665 1163 1723 significatione
1185 1673 1401 1723 acceptus
1423 1668 1480 1711 ab
1509 1667 1731 1711 auditore.
1758 1669 1914 1725 Quum
1948 1676 1951 1679 “

341 1826 351 1845 ¹
404 1823 494 1868 Ms.,
514 1835 575 1858 me
594 1822 861 1864 concluderet,
882 1821 1023 1857 iterato
1042 1833 1246 1868 perperam
1264 1835 1340 1858 me.

336 1886 350 1905 ²
401 1882 587 1918 Nonnihil
606 1881 716 1917 dubii
734 1881 847 1917 nobis
872 1886 1062 1925 rem-anet,
1091 1893 1140 1916 an
1166 1886 1273 1916 reete
1300 1883 1400 1918 hanc
1427 1893 1565 1918 vocem
1591 1882 1840 1930 interpretati
1865 1883 1915 1920 si—

267 1953 367 1986 mus,
386 1953 476 1990 cum
494 1941 642 1988 primae
660 1940 784 1987 ipsius
802 1941 957 1976 litterae
975 1940 1139 1976 confuse
1158 1940 1368 1977 admodum
1387 1941 1556 1989 scriptae
1576 1942 1668 1978 sint.

339 2003 352 2023 ³
403 2000 593 2036 Societati
612 2000 764 2036 scilieet
780 1999 860 2046 jam
879 2012 941 2035 me
960 1999 1268 2046 adjudicaverat.

337 2062 352 2082 ⁴
401 2059 614 2106 Egregium
632 2060 735 2095 hunc
754 2059 881 2094 virum
899 2058 1199 2104 majoricensem
1224 2059 1349 2096 fuisse
1375 2065 1527 2096 certum
1554 2072 1643 2096 esse
1669 2061 1835 2097 affirmat
1857 2061 1913 2097 hi-

264 2118 558 2166 storiographus
577 2119 688 2163 MUT,
708 2119 816 2153 Hist.
837 2119 883 2154 de
902 2118 1116 2160 Mallorca,
1138 2124 1166 2154 t.
1186 2128 1242 2164 111,
1261 2120 1329 2155 lib.
1350 2129 1406 2164 xl,
1426 2132 1461 2155 c.
1477 2119 1513 2164 3,
1530 2120 1598 2156 ubi
1611 2120 1715 2156 inter
1728 2121 1803 2156 alia
1816 2122 1913 2157 haec

265 2179 402 2215 scribit
419 2179 468 2214 de
486 2177 673 2214 cardinali
691 2178 837 2213 Puteo:
859 2177 1042 2213 «Chacon
1061 2178 1148 2214 dice
1172 2191 1249 2226 que
1267 2179 1333 2215 fue
1352 2180 1531 2224 nizardo3
1552 2191 1598 2215 su
1625 2180 1745 2227 padre
1769 2182 1807 2216 lo
1830 2181 1911 2226 fue,

264 2250 359 2286 pero
377 2238 504 2285 Jaime
522 2238 648 2273 Puteo
666 2238 778 2273 naei6
797 2249 847 2272 en
865 2238 1063 2282 Mallorca,
1082 2250 1170 2285 yes
1197 2239 1368 2286 apellido
1393 2239 1443 2275 de
1469 2239 1591 2275 Pou.»
1620 2239 1700 2275 Alii
1726 2251 1826 2280 vera
1846 2240 1914 2276 Ni-

263 2310 358 2335 ceae
375 2304 504 2334 ortum
522 2297 647 2333 fuisse
665 2296 923 2341 contendunt,
944 2302 986 2332 ut
1004 2298 1190 2343 MORONI,
1219 2299 1382 2335 Dizion.
1410 2300 1455 2335 di
1480 2300 1596 2335 erud.
1624 2300 1774 2342 eccles„
1801 2300 1911 2336 artic.

265 2359 335 2394 Du
354 2359 475 2404 Puy.‚·
492 2358 637 2405 Biogr.
657 2357 804 2398 eccles„
826 2356 935 2391 artie.
958 2358 1099 2399 Putem
1121 2363 1160 2393 et
1186 2358 1266 2394 alii.
1295 2359 1377 2395 Nos
1404 2364 1537 2395 autem
1562 2360 1663 2394 hane
1688 2359 1798 2395 litem
1823 2359 1908 2396 diri·
1933 2366 1941 2375 '

264 2429 372 2454 mere
390 2416 550 2452 minime
569 2415 773 2459 audemus,
792 2416 1046 2463 quantumvis
1064 2417 1192 2452 Patris
1210 2417 1335 2454 Nada]
1354 2418 1567 2454 auctoritas
1585 2418 1718 2465 magni
1731 2419 1914 2466 ponderis

262 2476 443 2513 habenda
460 2476 525 2521 sit,
545 2480 683 2523 utpote
700 2475 767 2522 qui
785 2480 864 2510 tam
883 2475 1020 2511 intime
1040 2481 1080 2511 et
1098 2476 1343 2514 familiariter
1359 2490 1449 2514 cum
1467 2478 1625 2514 laudato
1643 2478 1728 2514 viro
1751 2490 1913 2515 conver-

265 2542 374 2573 satus
393 2541 467 2572 est.

333 2597 347 2618 ⁵
397 2595 607 2632 Clausulae
625 2593 742 2639 hujus
760 2605 900 2629 sensus
919 2593 981 2629 hic
1001 2606 1088 2630 esse
1113 2595 1288 2632 videtur:
1309 2596 1401 2632 Non
1418 2598 1580 2643 quidem
1598 2600 1829 2644 acceperam
1848 2598 1913 2634 lit-

263 2657 371 2690 teras
388 2653 739 2690 commendatitias
757 2665 782 2688 a
791 2653 968 2699 familia
986 2655 1033 2688 de
1051 2654 1312 2698 Montastans,
1337 2668 1439 2702 quae
1462 2656 1717 2704 cognationis
1738 2657 1913 2704 vinculis

262 2726 353 2750 cum
372 2715 559 2750 auditore
577 2712 792 2759 conjuncta
809 2715 920 2756 erat‚·
936 2715 1004 2748 sed
1017 2716 1092 2759 per
1110 2715 1239 2750 aliam
1257 2716 1368 2751 viam
1387 2716 1547 2751 litteras
1564 2716 1645 2751 mei
1661 2718 1912 2752 commenda-

263 2774 377 2810 titias
395 2774 450 2809 ad
462 2774 597 2819 ipsum
614 2762 846 2807 auditorem
864 2773 1079 2808 miserunt.
1866 2817 1867 2820 Ἴ

334 2834 349 2854 ⁶
399 2833 459 2868 Ita
483 2832 622 2875 Nadal,
648 2843 722 2867 nec
751 2830 846 2866 satis
870 2837 1067 2868 accurate.
1093 2832 1261 2869 Possent
1283 2835 1381 2870 haec
1404 2833 1571 2871 fortasse
1595 2835 1650 2872 ita
1673 2834 1909 2873 concinnari:

262 2893 351 2928 dixi
369 2892 617 2927 Domenecho
634 2902 717 2926 non
730 2891 854 2938 plane
872 2892 1007 2926 decere
1031 2894 1076 2926 ut
1100 2892 1275 2928 oblatam
1298 2894 1348 2929 ab
1370 2894 1557 2930 auditore
1579 2895 1911 2941 hospitalitatem,

262 2951 325 2987 vel
355 2950 549 2998 beneficii,
581 2951 645 2986 vel
674 2950 893 2998 dignitatis
921 2951 1050 2997 ipsius
1079 2951 1294 2987 immemor
1320 2964 1578 2998 recusarem‚·-
1600 2957 1818 2990 venturum
1848 2966 1911 2989 me

263 3013 399 3052 tamen
424 3011 479 3045 ad
502 3009 714 3058 Ignatium
739 3012 776 3045 et
801 3010 855 3044 ad
879 3009 1191 3053 Domenechum,
1216 3014 1262 3046 ut
1285 3012 1366 3047 mei
1389 3024 1498 3060 ergav
1513 3013 1618 3060 ipsos
1637 3013 1756 3061 grati
1778 3013 1912 3049 animi

263 3082 401 3107 sensus
419 3070 703 3117 exprimerem.
