2098 3548
780 281 970 318 comens
995 281 1039 317 P.
1044 296 1049 320 ,-
1068 280 1220 318 NAffln.
1722 293 1822 321 xxn(

172 383 402 439 F01.‘364*‚
432 397 479 443 n.
517 387 534 427 i
564 381 686 439 sign.
719 382 903 444 incipitj.
935 384 1135 440 «Reglas
1157 384 1346 428 sacadas
1368 384 1508 429 delas
1525 385 1824 435 constitucio—

172 475 274 505 ne&
300 459 316 519 1·
337 461 405 504 La
424 466 554 505 suma
582 459 811 517 sapiencia
837 476 867 518 y
896 461 1163 504 bondad'...»
1195 460 1457 505 finitur‘fol‘.
1483 474 1589 521 209
1608 463 1724 521 (541)
1753 464 1825 507 his

172 537 325 583 verbis
346 538 568 583 formulae
587 537 894 582 accusationis
915 538 1200 596 propriorum
1222 539 1503 595 defectuum,
1527 539 1698 598 lingua
1712 541 1825 586 lusi:-

175 623 302 661 tana:
326 633 364 661 «.
377 630 548 674 ..roges
565 631 592 660 a
607 616 718 660 deos
734 631 848 660 noso
865 617 970 662 Sor.
991 630 1074 674 por
1090 615 1244 660 mim.»
1265 615 1372 660 Dixi
1389 627 1626 674 perperam
1643 618 1825 676 signata

175 708 276 739 esse
298 693 419 748 folia,
443 699 549 738 nam
572 709 599 738 a
619 709 746 738 num.
779 695 859 740 168
881 695 938 738 ad
966 695 1047 753 198
1070 693 1117 738 in
1138 693 1400 738 immediato
1418 695 1494 738 fol.
1516 695 1568 739 fit
1586 695 1820 745 transitus,

173 773 286 816 Item
307 787 335 816 a
357 772 433 816 fol.
459 772 546 816 218
569 773 627 816 ad
650 773 752 816 228.
780 772 916 817 Unde
935 772 988 815 fit
1009 779 1062 816 ut
1085 773 1162 816 fol.
1190 785 1277 831 209
1298 773 1466 817 habeat
1488 787 1615 817 num.
1634 786 1756 829 240.
1800 801 1802 804 f

264 849 483 895 Continet
503 850 704 908 regulas,
730 857 827 894 tum
856 865 1140 906 communes,
1166 857 1263 894 tum
1291 850 1548 895 officiorum
1578 851 1824 909 particula—

174 927 308 983 rium,
333 929 554 973 nonnulla
573 928 747 973 monita
763 928 1055 986 ¹particularia
1076 943 1159 986 pro
1181 929 1317 974 certis
1339 929 1551 974 domibus
1568 944 1651 974 seu
1667 945 1826 987 perso÷

173 1005 262 1062 nis,
286 1013 333 1050 et
346 1005 475 1051 vcirea
494 1007 633 1051 finem
654 1007 874 1063 quasdam
896 1006 1144 1051 industrias
1165 1022 1247 1064 pro
1275 1008 1368 1054 fine
1395 1007 1637 1053 Societatis
1663 1007 1827 1052 melius
1864 998 1870 1003 ’

174 1083 440 1140 obtinendo,
464 1099 657 1141 quarum
684 1084 760 1131 hic
786 1083 949 1128 titulus
975 1083 1119 1129 nitide
1146 1092 1380 1130 exaratus:
1416 1086 1825 1131 «INDUSTRIAS

174 1163 307 1207 CON
333 1161 341 1222 Ι
369 1177 459 1219 que
480 1177 574 1208 uno
595 1163 653 1208 de
674 1163 718 1209 13
733 1163 987 1220 Compania
1013 1161 1020 1222 Ι
1047 1163 1106 1207 de
1118 1164 1248 1208 Iesus
1265 1163 1407 1220 mejor
1434 1162 1441 1222 Ι
1469 1163 1716 1221 consegui-
1733 1162 1749 1223 Ι
1776 1168 1826 1208 ra

174 1255 254 1285 sus
274 1241 332 1284 fi-
357 1239 365 1300 Ι
393 1256 520 1286 nes.»
547 1243 650 1286 Hae
670 1241 922 1286 industriae
943 1254 1000 1297 23
1021 1242 1070 1285 ff.
1103 1240 1412 1297 continentur,
1444 1242 1657 1299 196—218.
1683 1242 1826 1286 Clau-

174 1319 275 1364 sula
295 1322 452 1364 earum
481 1326 571 1364 est:
605 1321 752 1377 «Sepa
779 1320 952 1364 refutar
972 1320 1039 1363 las
1066 1319 1347 1364 obiectiones
1369 1326 1530 1364 contra
1551 1320 1594 1364 el
1615 1319 1826 1364 instituto

173 1397 231 1441 de
250 1398 294 1441 la
315 1399 505 1456 Comp.a
535 1414 566 1455 y
587 1397 851 1453 exercicios‚
877 1404 965 1442 etc.
991 1413 1021 1455 y
1043 1398 1124 1442 dar
1146 1401 1285 1442 razon
1305 1398 1364 1442 de
1386 1399 1508 1442 todo.
1536 1399 1658 1443 Laus
1674 1400 1821 1442 Deo.»

175 1477 342 1520 Postea
362 1491 518 1530 manu,
538 1475 585 1520 ni
603 1475 816 1530 fallimur,
836 1475 979 1533 ipsius
1003 1476 1203 1521 Polanco
1219 1477 1334 1520 haec
1351 1476 1528 1533 adjecta
1544 1482 1615 1520 est
1632 1483 1825 1525 annota-

175 1553 258 1597 tio:
289 1562 436 1599 «estas
457 1554 705 1598 industrias
733 1569 952 1612 compuso
974 1554 1017 1599 el
1040 1556 1123 1598 P.e
1149 1554 1396 1598 Polanco.»

264 1633 315 1676 In
346 1634 435 1676 hoc
462 1632 621 1677 codice
648 1632 831 1677 citando
858 1634 973 1677 haec
1001 1640 1110 1677 nota
1137 1631 1450 1677 adhibebitur:
1488 1633 1646 1677 Natal.
1683 1634 1821 1677 instr.

178 1711 326 1755 Lusit.
543 1715 545 1717 ’
884 1716 886 1718 ’
1189 1717 1193 1719 ’
1728 1720 1731 1721 ’

869 1826 1054 1867 Codex
1092 1825 1135 1865 6
1198 1875 1200 1877 ι

211 1962 214 1963 ’
235 1948 239 1950 ’
262 1948 590 1992 Instructiones
627 1952 668 1992 et
693 1949 878 1992 monita
892 1954 982 2006 pro
1019 1949 1221 2006 collegiis
1264 1948 1558 2002 Germaniae,
1588 1948 1824 2001 Poloniae,

172 2025 330 2083 Belgii
345 2030 385 2069 et
412 2027 775 2071 Galliae—Vol.
802 2026 849 2069 in
877 2029 958 2081 4⁰,
987 2027 1072 2082 318
1102 2025 1220 2070 foliis
1249 2032 1465 2069 constans
1487 2024 1653 2083 partim
1680 2025 1822 2083 sign.,

170 2111 217 2147 et
237 2104 400 2161 partim
422 2119 516 2149 non
537 2105 658 2162 sign.
685 2105 923 2161 Apparent
945 2103 1174 2149 interdum
1202 2103 1380 2148 numeri
1408 2103 1647 2148 cancellati
1673 2103 1825 2148 diver—

167 2195 321 2226 sorum
343 2182 571 2238 codicum,
591 2197 648 2227 ex
671 2182 838 2238 quibus
859 2182 934 2226 hic
955 2183 1100 2226 codex
1122 2181 1426 2240 componitur,
1446 2188 1494 2225 et
1510 2182 1701 2226 lacunae
1722 2182 1826 2239 plu-

169 2274 241 2303 res
262 2259 527 2317 interjectae
548 2269 657 2305 sunt
678 2261 797 2305 inter
826 2260 933 2304 folia
949 2267 1204 2315 numerata,
1226 2260 1304 2304 ubi
1327 2260 1482 2304 nullus
1504 2263 1723 2304 numerus
1745 2274 1823 2316 ap—

168 2345 310 2394 paret.
332 2363 390 2370 -
407 2338 594 2383 Titulus
632 2338 795 2383 litteris
837 2337 987 2383 aureis
1029 2338 1076 2381 in
1118 2339 1276 2382 dorso:
1327 2338 1502 2382 «HIER.
1548 2338 1770 2382 NATALIS
1800 2336 1824 2395 Ἰ

170 2414 380 2460 instruct.
401 2423 448 2461 et
458 2416 630 2461 monita
657 2416 663 2476 Ι
686 2416 772 2473 >pro
786 2417 888 2460 collss
920 2416 927 2476 Ι
954 2417 1172 2461 German.
1193 2416 1354 2460 Polon.
1386 2414 1392 2474 Ι
1421 2414 1570 2472 Belgii
1586 2422 1633 2459 et
1649 2414 1826 2460 Galliae

166 2492 330 2548 [MSS.
353 2493 632 2540 AUTOGR.
646 2513 663 2535 »
684 2496 735 2538 In
752 2494 897 2551 primo
914 2495 991 2538 fol.
1012 2496 1126 2538 haec
1143 2501 1213 2538 est
1229 2493 1479 2551 inscriptio,
1500 2507 1638 2536 manu
1658 2494 1710 2536 P.
1730 2495 1822 2536 Poss

170 2570 288 2615 lanei
332 2571 514 2630 scripta:
565 2590 583 2614 «
606 2572 635 2631 †
676 2572 683 2631 Ι
723 2572 972 2617 Germania
990 2606 999 2626 ,
1043 2571 1259 2626 Polonia,
1310 2573 1346 2615 F
1350 2572 1509 2615 iandra
1527 2604 1536 2625 ,
1573 2569 1820 2632 Francia.»

171 2650 313 2693 Paulo
335 2649 542 2704 inferius,
567 2666 705 2695 manu
722 2651 854 2695 nobis
870 2650 1045 2708 ignota:
1075 2649 1446 2704 «Instructiones,
1473 2648 1660 2702 monita,
1696 2653 1821 2691 com—

168 2727 380 2771 mendata
407 2726 578 2786 {variis
609 2728 862 2773 Provinciis
899 2735 945 2772 et
982 2727 1187 2785 collegiis
1214 2727 1224 2787 Ι
1248 2719 1545 2780 Germaniae,
1583 2724 1820 2777 Poloniae,

170 2803 312 2861 Belgii
334 2811 379 2848 et
401 2806 579 2850 Galliae
604 2805 612 2866 Ι
639 2821 666 2850 3
695 2808 749 2850 Ρ.
781 2806 1064 2863 Hieronymo
1096 2806 1305 2850 Natale.»
1347 2806 1398 2848 In
1436 2807 1498 2848 2.⁰
1523 2804 1638 2857 fol.,:
1662 2816 1818 2855 manu,
1889 2844 1893 2847 .

167 2896 284 2937 quae
306 2883 360 2926 P.
387 2883 664 2927 Theodorici·
680 2883 853 2928 Canisii
874 2883 1072 2927 videtur:
1103 2900 1121 2924 «
1144 2882 1174 2942 -Ι-
1198 2884 1332 2940 Quae
1354 2881 1468 2925 dixit
1491 2883 1545 2925 R.
1588 2882 1641 2924 P.
1675 2880 1822 2923 Nata—

144 2988 147 2993 ·
166 2959 222 3003 lis
238 2960 422 3005 Rectori
436 2961 706 3019 Dilingensi,
722 2962 990 3018 exequenda
1003 2961 1203 3006 statim.»
1226 2960 1533 3012 Terminatur,
1550 2958 1628 3001 fol.
1639 2991 1649 3011 ,
1670 2972 1716 2999 n.
1733 2957 1822 3010 484

168 3036 309 3095 sign.,
335 3038 455 3096 (licet
476 3039 523 3082 in
544 3039 701 3084 codice
722 3055 818 3084 non
839 3039 931 3083 sint
953 3038 1040 3083 nisi
1065 3039 1150 3095 318
1172 3038 1239 3095 ff.)
1267 3037 1339 3082 his
1361 3036 1515 3081 verbis
1537 3033 1817 3079 cancellatis:

173 3114 333 3160 «Ratio
362 3116 539 3174 accepti
566 3124 613 3162 et
634 3116 821 3175 expensi
848 3132 928 3176 per
957 3115 1290 3162 Provincialem
1321 3114 1510 3172 Aquit.»
