2020 3464
745 314 790 353 23
817 316 985 352 Apnms
1015 316 1104 362 1562
1674 309 1745 352 683

105 418 403 476 prepositura,
428 433 557 465 corne
578 434 662 464 sua
684 422 730 464 M
737 423 768 464 ,t
798 418 884 463 faci
906 418 936 462 li
958 418 1024 463 sia
1040 419 1146 462 data
1168 419 1342 464 altroue
1358 418 1647 476 ric'ompensa
1662 419 1744 464 de-

106 510 214 553 gna.
234 495 293 541 Di
309 497 462 552 modo,
485 498 646 550 Padre,
660 499 763 550 che,
784 502 955 553 quanto
970 510 1106 553 posso
1122 496 1328 540 iudicare
1347 497 1396 539 in
1413 494 1626 549 Domino,
1644 511 1744 541 cer-

108 579 170 627 to,
205 575 388 631 quando
416 586 615 618 nessuno
643 574 923 619 desiderasse
949 580 1132 630 questo,
1166 574 1210 618 la
1242 573 1527 631 Compagnia
1558 574 1745 618 doueria

107 666 188 709 per
206 651 316 709 ogni
338 653 490 705 modo,
516 667 542 696 a
563 650 654 695 mio
674 651 853 705 iuditio,
878 665 1095 708 procurar
1114 652 1201 696 che
1217 666 1307 708 qua
1325 651 1444 695 fosse
1464 649 1677 708 collegio,
1698 651 1744 696 in

106 729 245 786 logho
277 728 585 784 amenissimo,
616 729 996 787 propinquissimo
1026 744 1052 773 a
1083 729 1209 773 molti
1242 727 1508 772 nobilissimi
1540 728 1671 786 regni
1699 736 1745 774 et

103 806 354 864 prouincie‚
379 807 564 851 lontano
585 807 631 851 di
660 806 810 851 turchi
837 822 933 851 non
960 809 1154 851 mancho
1184 809 1268 851 che
1296 806 1529 861 Tirnauia,
1563 813 1609 852 et
1638 807 1744 863 qual

105 898 212 928 cosa
233 883 326 941 piu,
351 891 397 928 et
418 899 500 941 per
521 885 669 942 gratia
689 886 746 929 de
768 884 894 928 Iddio
916 899 1094 929 securo.

197 974 214 1006 1
227 974 264 1006 1.
329 961 459 1007 Molti
481 961 666 1006 citadini
682 976 811 1015 sono,
833 976 912 1019 per
928 969 1100 1020 quanto
1116 977 1239 1019 pare,
1260 963 1376 1007 bene
1398 961 1583 1006 animati
1602 977 1629 1006 a
1645 961 1740 1015 noi,

103 1045 149 1083 et
171 1045 373 1096 tengono
395 1039 569 1096 grande
590 1046 812 1097 concepto
833 1039 878 1083 di
900 1040 1053 1083 buona
1073 1039 1167 1082 vita
1183 1046 1230 1084 et
1245 1038 1445 1083 dottrina
1461 1054 1598 1085 senza
1614 1053 1742 1083 com-

102 1115 335 1172 paratione
357 1116 593 1174 maggiore
615 1119 699 1161 che
720 1116 767 1161 di
787 1116 887 1160 suoi
910 1117 1133 1174 parrochi,
1153 1131 1283 1162 come
1304 1116 1487 1170 dicono,
1507 1123 1554 1161 et
1575 1116 1613 1160 si
1630 1131 1745 1161 sono

104 1193 230 1236 molti
252 1193 387 1238 etiam
403 1194 449 1237 di
465 1193 607 1238 nobili
622 1194 820 1239 edificati
836 1209 926 1238 con
943 1194 1093 1239 alcuni
1114 1193 1330 1250 colloquii
1347 1200 1393 1238 et
1410 1193 1742 1251 ragionamenti

105 1269 221 1324 fatti,
245 1271 444 1316 secondo
465 1285 538 1315 me
559 1271 768 1317 referisse
789 1271 821 1315 il
841 1286 1054 1329 supremo
1075 1271 1326 1328 capitaneo.
1344 1271 1379 1314 Il
1396 1272 1744 1328 burgomaestre

104 1349 240 1392 credo
260 1348 378 1392 saria
399 1355 554 1406 presto
577 1350 716 1393 molto
738 1356 912 1404 nostro,
942 1356 988 1395 et
1015 1349 1046 1392 li
1074 1348 1309 1407 principali
1337 1363 1450 1392 sono
1479 1348 1608 1393 molti
1639 1350 1743 1393 tho-

101 1425 272 1478 deschi‚
298 1432 345 1470 et
366 1426 496 1482 quasi
513 1426 619 1469 tutti
639 1441 751 1470 sano
768 1429 913 1471 anche
928 1428 1109 1480 boemo,
1130 1441 1259 1471 corne
1275 1425 1323 1469 in
1341 1425 1572 1480 Tirnauia,
1592 1441 1620 1470 o
1638 1429 1743 1471 tho-

102 1503 289 1558 descho,
314 1503 509 1549 maxime
530 1503 752 1558 huomini,
777 1511 823 1550 et
844 1504 875 1548 li
897 1503 1147 1562 principali.
1183 1495 1220 1548 E
1249 1503 1340 1548 cita
1370 1505 1560 1561 grande,
1596 1510 1642 1549 et
1669 1504 1741 1548 di-

101 1594 217 1624 cono
237 1581 379 1624 molto
400 1580 602 1638 antiqua,
622 1580 668 1625 di
684 1581 933 1636 christiani,
953 1589 1000 1628 et
1020 1589 1190 1626 mostra
1205 1596 1289 1626 sua
1305 1581 1494 1626 nobilita
1509 1581 1616 1626 nelli
1642 1581 1741 1627 edi-

102 1657 209 1712 ficii,
234 1660 531 1715 quantunche
553 1659 602 1702 fu
623 1674 714 1703 vna
733 1660 858 1703 volta
878 1674 988 1703 casu
1009 1659 1237 1717 brugiata.

198 1748 263 1780 12.
331 1737 379 1780 Io
413 1736 508 1780 faro
545 1742 664 1780 tutta
698 1737 742 1780 la
772 1736 1009 1794 diligentia
1041 1736 1255 1794 possibile
1286 1751 1367 1793 per
1402 1735 1663 1793 expedirme
1694 1736 1740 1781 di

102 1827 207 1871 qua,
233 1821 405 1870 quanto
420 1813 499 1870 piu
514 1821 667 1871 presto
682 1815 828 1871 potr6;
853 1815 962 1871 pero
978 1829 1028 1859 se
1044 1829 1226 1871 paresse
1243 1829 1270 1857 a
1286 1815 1344 1858 V.
1365 1815 1419 1858 R.
1430 1847 1440 1866 ,
1461 1814 1634 1858 restaro
1650 1828 1740 1870 qua

101 1890 341 1936 volentieri
363 1891 442 1949 piu
465 1898 632 1949 tempo,
657 1907 708 1936 se
729 1891 767 1936 si
788 1891 1041 1937 determina
1062 1893 1163 1945 che,
1189 1892 1226 1936 si
1248 1907 1330 1949 per
1355 1891 1387 1935 il
1418 1892 1656 1935 commodo
1683 1892 1740 1936 de

101 1968 244 2013 nostri
265 1968 370 2014 beni
391 1969 643 2026 temporali,
668 1984 797 2015 come
817 1985 898 2028 per
918 1970 948 2013 l'
973 1969 1099 2013 aiuto
1120 1968 1485 2027 maggiormente
1506 1968 1551 2012 di
1579 1975 1739 2025 queste

100 2045 263 2091 misere
283 2045 449 2101 anime,
473 2046 512 2090 si
534 2046 622 2090 faci
643 2061 733 2103 qua
754 2046 976 2104 principio
997 2047 1150 2091 buono
1171 2046 1218 2090 di
1243 2045 1437 2104 collegio
1467 2061 1548 2103 per
1575 2061 1738 2104 prepa-

99 2138 171 2168 rar
192 2124 234 2168 le
256 2138 376 2178 cose3
403 2139 431 2168 o
453 2125 496 2169 al
517 2139 651 2170 meno
672 2124 861 2168 lasciaro
883 2139 974 2180 qua
996 2127 1043 2169 M
1050 2135 1088 2168 ,ο
1115 2126 1343 2168 Thomaso
1363 2138 1452 2168 con
1481 2125 1732 2181 Stephano,

97 2208 143 2247 et
164 2216 214 2247 se
235 2201 266 2245 li
287 2202 459 2247 fossero
481 2202 682 2246 mandati
703 2202 805 2246 altri
827 2202 917 2246 doi.
944 2203 1002 2246 V.
1029 2204 1082 2246 R.
1109 2202 1311 2259 proueda
1333 2208 1379 2246 et
1399 2201 1558 2247 ordeni
1582 2201 1735 2258 quello

97 2281 183 2324 che
203 2279 235 2323 li
251 2281 408 2336 patera
425 2268 593 2338 meglio
611 2281 661 2323 in
677 2281 890 2333 Domino,
913 2281 1078 2337 perche
1095 2280 1353 2323 anchorche
1370 2278 1513 2324 volesi
1537 2279 1604 2322 far
1625 2278 1736 2336 ogni

96 2356 349 2415 diligentia,
374 2372 503 2402 come
526 2359 622 2402 faro
649 2372 736 2402 con
758 2358 883 2402 aiuto
910 2357 973 2401 dil
1003 2356 1214 2415 Signore,
1245 2371 1339 2400 non
1369 2357 1502 2414 potro
1533 2354 1736 2414 partirmi

98 2434 144 2479 di
165 2449 255 2491 qua
276 2435 371 2479 cosi
393 2442 547 2493 presto
568 2437 655 2480 che
676 2450 771 2479 non
792 2435 931 2479 habbi
959 2434 1103 2492 prima
1129 2433 1338 2491 risposta‚
1368 2448 1418 2478 se
1445 2448 1539 2478 non
1568 2432 1736 2478 volessi

99 2511 288 2558 lasciare
313 2513 356 2556 le
383 2522 492 2557 cose'
519 2512 565 2556 di
594 2512 805 2570 maggior
833 2511 1122 2570 importantia
1152 2511 1402 2569 interrupte
1433 2518 1479 2556 et
1509 2510 1678 2555 intacte
1708 2525 1736 2554 o

98 2588 351 2636 irresolute.

193 2680 259 2723 13.
325 2669 377 2713 L'
403 2670 461 2712 ha
482 2682 616 2726 parso
637 2668 754 2712 bene
775 2669 818 2712 al
837 2682 1049 2725 supremo
1071 2666 1307 2724 capitaneo
1328 2669 1415 2711 che
1435 2669 1590 2712 Marco
1620 2667 1745 2710 Ber-'

96 2744 309 2799 cowisch,
333 2747 504 2790 huomo
520 2746 585 2793 ¹da
606 2746 723 2791 bene
749 2752 796 2791 et
817 2746 876 2789 da
903 2746 1044 2789 molto
1072 2752 1222 2802 tempo
1249 2744 1548 2802 cognosciuto
1575 2743 1634 2787 da
1660 2757 1734 2787 me

73 2823 142 2866 ·in
163 2829 288 2868 corte
308 2822 355 2866 di
377 2823 472 2868 Sua
494 2825 540 2868 M
548 2827 596 2878 .t‚
621 2816 665 2867 si*
680 2822 790 2867 lasci
812 2829 983 2880 quanto
1004 2821 1239 2867 douesimo
1266 2821 1433 2880 partire
1460 2821 1506 2865 di
1535 2835 1625 2877 qua
1653 2835 1733 2878 per

93 2900 381 2944 locotenente
402 2900 448 2944 di
471 2900 664 2946 officiale
685 2916 713 2945 o
735 2907 891 2946 nostro
923 2915 1004 2957 per
1031 2900 1180 2944 insino
1210 2915 1235 2943 a
1267 2907 1396 2944 tanto
1429 2901 1515 2944 che
1546 2899 1662 2942 altro
1694 2898 1732 2942 si

93 2978 313 3034 proueda.
341 2978 501 3031 Certo,
528 2979 692 3032 Padre,
717 2992 804 3022 con
832 2977 980 3035 questi
1010 2976 1204 3030 officiali,
1235 2977 1429 3023 essendo
1460 2976 1489 3019 li
1523 2975 1666 3020 nostri
1694 2976 1732 3019 si

93 3054 297 3110 lontano,
323 3062 454 3099 trouo
476 3070 591 3113 gran
618 3055 848 3109 difficolta,
873 3057 911 3100 si
933 3070 1013 3113 per
1034 3055 1066 3098 il
1093 3055 1233 3099 molto
1265 3056 1351 3100 che
1380 3054 1574 3111 bisogna
1604 3052 1727 3106 delli,

93 3133 131 3182 si
153 3134 298 3182 anche
317 3148 398 3196 per
420 3133 570 3195 quello
591 3135 676 3185 che
696 3133 793 3182 loro
814 3133 852 3178 si
883 3132 1098 3195 pignano,
1124 3133 1242 3186 bene
1262 3147 1290 3181 0
1311 3133 1443 3194 male2
1468 3132 1506 3176 si
1528 3130 1663 3187 etiam
1686 3138 1733 3189 et
