2020 3464
674 631 1205 704 APPENDIX

933 983 952 1025 Ι

185 1074 355 1120 GESTA
388 1087 418 1117 A
450 1073 619 1117 PATRE
650 1071 824 1115 NADAL
857 1072 1125 1117 MESSANAE
1158 1086 1210 1117 IN
1241 1086 1471 1118 ADVENTU
1503 1087 1698 1120 CLASSIS

821 1157 1063 1189 TURCICAE

599 1235 724 1279 Ante
744 1238 966 1278 aestatem
981 1233 1088 1279 anni
1116 1245 1196 1290 155
1206 1247 1223 1279 1
1254 1236 1284 1279 ¹.

123 1326 280 1363 Divi-na
304 1324 531 1361 illustratio
557 1323 682 1359 Patri
702 1322 841 1359 Nadal
864 1323 1048 1359 immissa
1071 1324 1119 1359 de
1137 1323 1324 1372 precibus
1352 1327 1494 1360 contra
1511 1326 1649 1361 turcas
1664 1324 1767 1373 fun-

311 1384 466 1421 dendi&
471 1382 627 1420 -Urbs
643 1382 852 1419 Messanae
869 1394 896 1417 α
913 1384 1128 1419 turcarum
1146 1383 1348 1420 obsidione
1361 1383 1575 1421 liberatur.

215 1476 318 1519 Hoc
348 1481 549 1530 tempore
576 1471 702 1516 venit
729 1471 957 1516 exercitus
988 1479 1219 1516 turcarum
1247 1473 1350 1530 plus
1387 1472 1538 1517 minus
1575 1488 1680 1519 cum
1709 1489 1768 1533 90

127 1534 392 1579 triremibus
422 1539 468 1578 et
503 1533 685 1576 duobus
722 1531 1009 1599 galeonibus,
1050 1539 1097 1576 et
1134 1532 1379 1577 Messinam
1410 1534 1662 1578 conabatur
1687 1549 1762 1578 ex—

126 1608 349 1653 pugnare.
382 1593 501 1637 Cum
527 1606 638 1636 vero
665 1606 691 1635 e
717 1590 906 1648 regione
934 1590 981 1634 in
1002 1591 1214 1635 Calabria
1234 1591 1361 1637 iuxta
1383 1593 1612 1650 Rhegium
1640 1594 1771 1651 oppi-

127 1655 238 1698 dum
258 1668 309 1698 se
323 1654 541 1705 firmaret,
567 1650 784 1708 postridie
805 1665 938 1694 mane
961 1652 1271 1708 (posteaquam
1294 1653 1432 1696 Pater
1453 1654 1641 1697 noster’
1665 1661 1772 1697 ante

128 1714 236 1758 solis
257 1719 408 1757 ortum
435 1710 720 1768 surrexisset)
749 1709 1044 1754 extimulatus
1066 1710 1152 1754 fuit
1181 1713 1317 1755 Pater
1343 1719 1499 1757 noster
1526 1714 1773 1758 ascendere

127 1773 176 1818 in
197 1771 504 1817 summitatem
526 1785 609 1814 seu
631 1769 790 1813 turrim
818 1770 982 1813 domus
1007 1769 1304 1827 probationis,
1328 1778 1375 1815 et
1395 1779 1522 1815 stans
1543 1771 1590 1816 in
1611 1787 1666 1817 ea
1687 1787 1772 1830 ge—

130 1833 266 1876 nibus
287 1831 416 1876 flexis
437 1829 671 1874 maledixit
697 1829 918 1873 exercitui
945 1836 1176 1874 turcarum
1198 1830 1370 1874 dicens:
1399 1830 1621 1877 «Domine
1641 1834 1770 1900 Jesu,

130 1891 299 1949 dissipa
321 1897 499 1948 gentes,
524 1904 642 1946 quae
663 1889 782 1932 bella
797 1889 1026 1932 volunt»⁵
1034 1923 1044 1942 ‚
1063 1896 1173 1943 etc.,
1198 1889 1466 1946 excipiendo
1486 1892 1631 1936 bonos
1653 1891 1774 1935 chri-

132 1952 319 2004 stianos,
353 1949 434 2006 qui
455 1948 546 1992 ab
534 1948 644 2006 1psis
674 1947 844 2016 captiui
866 1949 1156 2004 tenebantur;
1189 1956 1237 1993 et
1259 1949 1417 1993 incidit
1438 1950 1502 1994 illi
1530 1950 1774 1995 dicendum

131 2026 233 2056 esse
253 2012 342 2054 hoc
365 2008 491 2053 Patri
512 2007 682 2063 Natali,
707 2007 920 2051 nimirum
950 2015 1001 2051 ut
1023 2008 1200 2053 veniret
1227 2016 1331 2066 post
1352 2010 1626 2066 prandium
1614 2025 1661 2054 1n
1691 2011 1774 2054 do-

131 2085 257 2115 mum
281 2067 562 2127 probationis
584 2081 689 2110 cum
711 2067 922 2111 omnibus
945 2067 1160 2112 Patribus
1180 2075 1227 2112 et
1245 2068 1477 2123 fratribus,
1501 2077 1548 2114 et
1569 2070 1631 2113 ibi
1647 2070 1775 2127 lege-

132 2137 235 2175 rent
256 2129 432 2185 aliquot
452 2128 651 2184 psalmos
673 2140 777 2170 cum
798 2126 980 2171 letaniis
995 2126 1158 2171 simul
1146 2142 1193 2170 1n
1209 2128 1471 2173 summitate
1486 2130 1648 2173 domus
1664 2143 1776 2173 con-

134 2198 205 2234 tra
224 2189 364 2246 ipsos,
388 2187 526 2244 idque
552 2186 749 2244 genibus
768 2186 914 2240 flexis3
938 2186 1155 2231 videbant
1175 2187 1297 2230 enim
1315 2202 1372 2232 ex
1389 2203 1444 2233 eo
1460 2189 1563 2233 loco
1586 2190 1776 2233 classem

135 2258 385 2294 turcarum.
410 2247 550 2304 Quod
576 2261 681 2290 cum
709 2245 806 2289 suis
836 2245 1132 2290 familiaribus
1158 2246 1363 2301 dixisset,
1388 2248 1452 2291 ait
1473 2263 1522 2292 se
1549 2249 1667 2292 velle
1694 2263 1775 2292 ex-

134 2316 317 2376 pectare
337 2314 384 2351 et
404 2306 560 2350 videre
588 2320 706 2349 anne
733 2307 862 2349 Deus
888 2307 976 2349 hoc
1001 2305 1137 2350 etiam
1165 2314 1474 2363 suggesturus
1501 2314 1621 2351 esset
1651 2307 1777 2352 Patri

135 2367 305 2422 Natali,
330 2367 471 2424 quod,
496 2373 548 2409 ut
569 2364 794 2409 Dominus
817 2365 1003 2432 faceret,
1027 2364 1153 2422 prius
1173 2380 1279 2410 eum
1306 2374 1532 2410 oraverat.

224 2428 344 2471 Cum
365 2440 478 2484 ergo
496 2427 632 2469 Pater
648 2431 802 2468 noster
818 2423 904 2467 iret
919 2423 967 2467 in
984 2425 1202 2481 templum
1219 2432 1425 2469 nostrum
1443 2427 1500 2470 ad
1518 2426 1776 2471 faciendum

137 2486 200 2530 ibi
222 2500 419 2538 sacrum,
444 2484 611 2542 reperit
631 2483 694 2526 ibi
717 2485 900 2528 Patrem
922 2485 1148 2539 Natalem,
1172 2484 1251 2540 qui
1273 2486 1398 2529 Patri
1421 2494 1576 2530 nostro
1598 2501 1703 2530 mox
1731 2486 1778 2529 in

138 2548 251 2590 haec
271 2546 412 2589 verba
433 2544 585 2588 iussit:
615 2542 844 2610 «Domine
855 2544 935 2596 N,
966 2543 1123 2600 redige
1144 2543 1287 2588 mihi
1275 2559 1323 2588 1n
1343 2546 1622 2599 memoriam,
1648 2546 1777 2589 finito

138 2604 342 2662 prandi03
366 2605 579 2648 volumus
600 2602 722 2648 enim
742 2601 898 2646 venire
918 2576 967 2646 in
987 2603 1175 2646 domum
1198 2610 1339 2659 tuam,
1367 2612 1413 2648 et
1429 2605 1491 2648 ibi
1513 2620 1643 2649 orare
1664 2620 1778 2649 con-

139 2672 208 2709 tra
229 2665 419 2708 classem
442 2662 706 2716 turcicam»;
733 2677 825 2729 quo
858 2661 1036 2715 audito,
1059 2662 1212 2730 magis
1236 2663 1425 2721 gavisus
1456 2674 1526 2708 est
1548 2667 1701 2718 Pater,
1733 2671 1780 2708 et

137 2722 474 2768 confirmatus
462 2738 510 2766 m
531 2737 616 2766 sua
641 2721 952 2778 inspiratione,
977 2735 1078 2765 esse
1105 2721 1319 2766 nimirum
1348 2738 1448 2767 eam
1470 2739 1496 2768 a
1523 2726 1646 2778 De0;
1671 2739 1776 2768 nam

137 2783 273 2828 etiam
294 2781 530 2826 biennium
552 2788 657 2825 ante
679 2787 883 2825 senserat
903 2795 953 2825 se
974 2780 1196 2825 stimulari
1212 2789 1264 2826 ut
1282 2791 1433 2828 oraret
1449 2798 1530 2840 pro
1548 2759 1779 2828 Coristan-

140 2842 328 2900 tinopoli
350 2848 396 2887 et
419 2841 560 2887 turcis
581 2848 630 2884 et
648 2841 794 2884 salute
816 2840 919 2892 loci,
945 2840 991 2883 in
1013 2855 1106 2896 quo
1128 2848 1241 2886 erat.

224 2904 343 2946 Ecce
365 2902 515 2945 autem
539 2900 650 2958 quid
675 2899 862 2945 accidit:
894 2874 1136 2943 duodecim
1158 2901 1365 2946 triremes
1399 2901 1519 2946 circa
1547 2901 1780 2947 meridiem

211 3011 223 3032 ¹
273 3009 332 3044 Ex
350 3007 448 3044 Cod.
468 3015 530 3053 25,
556 3007 648 3042 Vita
667 3006 717 3042 P.
739 3004 922 3042 Cornelii
947 3006 1195 3053 Wischaven,
1210 3006 1277 3044 fol.
1299 3016 1437 3055 227v„
1457 3007 1540 3044 228.
1556 3007 1658 3044 Vide
1671 3007 1784 3044 Noti-

141 3058 246 3094 tiam
264 3056 461 3097 codicum,
529 3065 570 3100 g.
589 3062 658 3098 Lx3
678 3059 719 3090 et
736 3053 854 3107 epist.
874 3052 936 3100 32,
950 3065 1017 3089 nn.
1033 3053 1111 3090 6et
1128 3061 1165 3100 7.

213 3107 228 3127 ²
280 3103 454 3144 Scilicet,
509 3107 594 3137 ater
611 3101 820 3138 Cornelius
840 3101 1096 3138 Wischaven.

216 3153 231 3173 ⁵
281 3151 548 3196 Psalm.1.v11,
567 3148 627 3185 31.

285 3221 404 3252 Emar.
426 3221 465 3250 P.
485 3219 619 3257 NADAL,
639 3226 718 3250 ‘rou-
739 3219 765 3249 1.
1519 3222 1556 3252 ⁴8
