2046 3510
264 271 285 297 2
860 258 1029 295 CHRON.
1058 259 1103 294 P.
1131 259 1321 295 NATALIS

355 375 396 406 2.
462 362 721 407 Discrimen
743 361 791 404 in
812 361 1037 405 seditione
1058 361 1265 418 populari
1293 362 1516 405 aduersus
1537 363 1797 406 marrabeos
1823 364 1853 406 ¹.

353 455 393 496 3.
461 439 631 485 Grauis
669 440 873 491 morbus,
913 445 1017 495 post
1054 453 1190 494 quem
1228 438 1275 482 in
1311 439 1414 483 vico
1452 440 1673 484 Iacobaeo
1710 441 1725 461 ²
1766 441 1916 484 factus

260 518 444 562 obuiam
468 516 664 575 Ignatio,
692 531 834 572 quum
856 515 920 558 illi
943 515 1196 572 periculum
1220 531 1276 560 ex
1298 518 1457 560 morbo
1479 523 1526 560 et
1542 524 1715 561 metum
1737 518 1911 572 mortis,

260 595 308 639 in
336 610 426 652 quo
467 596 657 647 fueram,
702 592 1033 652 [aperuissem,]
1071 592 1200 636 dixit:
1245 594 1526 650 «Pauperem
1555 609 1644 648 me,
1678 609 1819 651 quare
1856 595 1915 639 ti-

258 671 698 728 muisti?»—«Quid,
724 671 928 727 inquam,
955 677 1006 713 tu
1027 685 1121 714 non
1144 670 1277 714 times
1299 678 1508 724 mortem,
1529 686 1666 727 quam
1683 674 1832 730 Xpus.
1855 673 1915 717 ti-

259 750 652 802 muit?›>--«Sunt,
678 747 842 803 inquit,
869 747 977 790 anni
1006 758 1080 802 15,
1108 747 1276 803 quibus
1298 762 1390 791 non
1421 747 1551 791 timui
1580 757 1818 794 mortem.»

350 841 393 882 4.
460 826 579 871 Veni
602 833 761 883 postea
789 826 846 868 ad
867 827 955 869 hoc
977 831 1027 867 vt
1049 826 1292 869 confiterer
1315 827 1368 869 P.
1396 825 1599 880 Mionae,
1625 834 1672 871 et
1692 842 1798 871 cum
1821 829 1914 872 fra—

259 906 405 949 tribus
428 907 443 926 ⁵
467 903 762 948 conuenirem
786 903 840 946 ad
871 901 1189 946 chartusianos
1218 903 1258 956 ⁴,
1291 904 1348 961 ad
1376 917 1551 947 sacram
1581 905 1788 961 synaxim
1815 906 1913 950 die-

260 984 348 1026 bus
376 980 631 1025 dominicis.

347 1071 388 1115 5.
455 1058 596 1104 Venit
618 1059 675 1102 ad
698 1057 961 1102 cubiculum
985 1072 1137 1102 meum
1156 1059 1356 1114 Laynez,
1378 1065 1427 1101 vt
1448 1073 1522 1102 me
1538 1058 1712 1103 scilicet
1727 1075 1912 1117 promo-

255 1144 385 1181 ueret
414 1138 472 1180 ad
499 1136 730 1193 pietatem.
765 1135 881 1192 Agit
908 1149 1089 1179 mecum
1117 1135 1175 1179 de
1205 1135 1399 1192 mystica
1427 1135 1730 1193 intelligentia
1757 1151 1911 1182 sacra-

256 1229 358 1258 rum
395 1214 652 1267 literarum3
693 1213 934 1257 inuenerat
970 1212 1091 1256 enim
1128 1227 1213 1256 me·
1239 1213 1469 1270 legentem
1509 1214 1906 1270 Theophilactum.

259 1291 384 1336 Nihil
406 1306 480 1335 me
501 1290 663 1344 mouit,
689 1290 802 1334 nihil
829 1290 1047 1334 intellexi.

346 1371 391 1413 6.
456 1370 657 1413 Rursum
680 1367 897 1412 conuenit
918 1382 991 1411 me
1013 1369 1161 1411 Faber
1183 1369 1305 1424 apud
1327 1369 1573 1413 Scobarem
1600 1370 1637 1422 ³,
1664 1376 1710 1413 et
1732 1370 1790 1414 de
1811 1370 1912 1427 pie-

255 1454 348 1491 tate
370 1446 468 1504 egit
488 1461 685 1490 mecum:
712 1454 771 1490 ne
791 1445 867 1489 hic
890 1445 1073 1501 quidem
1097 1445 1305 1502 profecit.

343 1536 383 1580 7.
451 1526 505 1568 P.
531 1524 639 1568 item
664 1523 833 1576 Miona,
858 1538 988 1567 meus
1010 1523 1332 1577 confessarius,
1359 1524 1418 1567 ad
1434 1524 1665 1581 Ignatium
1681 1539 1755 1568 me
1775 1523 1908 1569 incli-

253 1603 408 1655 nabat,
441 1601 516 1645 cui
544 1616 633 1658 ego
662 1601 862 1644 solebam
897 1599 1226 1661 [responderet]
1261 1615 1392 1645 «cum
1424 1608 1474 1644 tu
1502 1601 1723 1658 ignigista
1759 1603 1775 1625 ⁶
1799 1599 1908 1660 [non

253 1679 347 1740 sis],
373 1694 456 1723 cur
477 1694 551 1723 me
573 1678 642 1722 vis
665 1679 814 1722 facere
841 1677 1155 1735 ignigistam?»

346 1759 386 1800 8.
453 1755 662 1814 Ignatius
682 1755 802 1799 idem
830 1756 1013 1812 agebat.
1044 1755 1262 1800 Narrauit
1289 1755 1399 1798 mihi
1422 1756 1479 1799 ad
1506 1762 1683 1812 portam
1711 1756 1806 1800 diui
1833 1758 1907 1801 Ia-

251 1895 420 1938 tionem,
440 1892 690 1941 interpretari
707 1904 786 1928 non
811 1892 1026 1937 valuimus,
1055 1893 1119 1928 vel
1142 1892 1302 1927 tandem
1320 1892 1439 1928 dubia
1462 1898 1758 1939 remanserunt,
1784 1905 1831 1930 ea
1855 1895 1905 1930 ad

248 1957 398 1992 calcem
428 1952 736 2000 uniuscujusque
755 1951 922 1999 paginae
949 1951 1240 1987 annotabimus.
1271 1952 1608 2000 Paragraphorum
1637 1953 1904 2000 separationes

249 2020 342 2052 sunt
359 2006 483 2062 ipsius
502 2014 546 2048 P.
567 2012 706 2047 Nadal.
725 2011 889 2047 Numeri
908 2023 1003 2047 vero
1021 2011 1187 2057 singulis
1202 2012 1457 2059 paragraphis
1475 2012 1638 2059 praefixi
1655 2013 1780 2049 nostri
1796 2019 1903 2050 sunt.

320 2075 407 2110 Hoc
428 2072 627 2109 Chronico
646 2082 740 2107 usus
760 2076 822 2106 est
840 2070 1098 2115 ORLAND1N1‚
1117 2071 1227 2107 Hist.
1249 2071 1289 2107 S.
1301 2072 1363 2119 ].,
1383 2071 1452 2107 lib.
1472 2072 1522 2117 V,
1541 2085 1581 2108 n.
1601 2081 1622 2118 5
1641 2078 1681 2108 et
1698 2081 1782 2120 seq.

324 2137 334 2157 ¹
387 2133 454 2169 Sic
472 2131 693 2179 perspicue3
712 2131 986 2166 navarraeos?

319 2196 334 2216 2
385 2192 507 2228 Vicus
526 2191 747 2238 Jacobaeus
765 2189 994 2237 (faabourg
1013 2190 1072 2225 S!
1089 2190 1264 2236 Jaques)
1282 2201 1361 2226 non
1375 2191 1491 2237 longe
1506 2190 1608 2227 situs
1622 2197 1706 2227 erat
1718 2204 1741 2228 a
1754 2193 1903 2240 templo

246 2258 287 2290 et
304 2251 497 2288 coenobio
515 2249 867 2292 carthusianorum,
886 2260 977 2296 qu0‚
997 2261 1147 2284 sacram
1171 2250 1353 2296 synaxim
1377 2250 1585 2298 sumpturi3
1611 2252 1903 2288 conveniebant

246 2312 343 2350 socii
361 2311 487 2348 saneti
506 2309 663 2357 Ignatii.
690 2308 752 2345 Cf.
778 2309 951 2344 chartam
976 2309 1299 2356 topographicam
1322 2310 1449 2346 Paris
1471 2311 1616 2347 ancien
1638 2314 1675 2348 et
1698 2324 1900 2348 nouveau.

248 2394 291 2400 —
308 2373 418 2408 Plan
452 2369 773 2419 topographique
807 2369 855 2403 de
891 2369 933 2403 la
966 2369 1192 2416 Montagne
1236 2370 1314 2405 ste
1352 2369 1573 2407 Genevielve
1605 2372 1631 2407 ἀ
1665 2371 1801 2416 Paris,
1843 2371 1900 2407 du

246 2430 289 2468 X
298 2433 424 2468 VLme-
445 2443 502 2466 au
525 2429 702 2465 XIX.me
727 2428 856 2463 siecle.
878 2429 928 2463 P.
952 2428 994 2462 L.
1017 2428 1057 2463 S.
1070 2428 1134 2475 ].,
1157 2429 1321 2476 ᾱάρνὲε
1339 2430 1616 2473 VERNIQUET‚
1643 2431 1899 2475 Goussous‘r‚

245 2490 510 2535 DELAGRIVE,
531 2491 724 2536 JAILLOT,
749 2488 1033 2523 BONNARDOT.
1053 2488 1166 2534 1874.

318 2553 332 2573 ³
383 2550 428 2586 Id
446 2554 521 2594 est,
541 2560 630 2584 cum
649 2546 767 2583 sociis
786 2546 912 2583 sancti
927 2547 1086 2593 Ignatii.

320 2614 332 2633 ⁴
384 2610 486 2646 Vide
505 2620 637 2656 supra,
658 2620 696 2643 n.
717 2605 754 2650 3,
774 2611 908 2642 annot.
929 2615 964 2642 ι.

317 2673 331 2693 ⁵
383 2669 483 2717 Quis
501 2667 622 2704 fuerit
638 2668 703 2703 hic
721 2667 870 2702 Scobar
886 2666 1105 2714 (hispanice
1130 2667 1319 2712 Escobar)
1344 2672 1452 2703 certo
1470 2667 1636 2703 definire
1658 2680 1737 2704 non
1762 2681 1898 2716 possu—

247 2742 347 2766 mus.
375 2728 618 2775 Conjicimus
643 2732 775 2762 tamen
794 2737 1016 2761 sermonem
1035 2737 1124 2761 esse
1143 2726 1193 2762 de
1211 2725 1421 2762 Francisco
1438 2726 1488 2762 de
1508 2728 1695 2772 Escobar,
1721 2729 1898 2764 barcino-

243 2789 372 2834 nensi,
391 2790 470 2833 vel,
490 2794 534 2823 ut
552 2787 618 2823 alii
636 2785 893 2827 contendunt,
915 2786 1130 2831 valentino,
1148 2788 1317 2832 graecae
1336 2791 1379 2822 et
1401 2786 1548 2822 latinae
1566 2787 1724 2834 linguae
1742 2787 1896 2835 peritis-

244 2850 358 2893 simo,
377 2848 459 2896 qui,
477 2852 685 2895 postquam
703 2844 844 2891 viginti
864 2845 976 2880 annis
995 2844 1231 2880 rhetoricam
1255 2844 1438 2881 Lutetiae
1457 2851 1498 2881 et
1519 2846 1669 2882 Romae
1694 2847 1896 2894 professus

241 2909 397 2953 fuisset,
418 2907 677 2943 Barcinonem
705 2905 836 2949 rediit,
856 2904 925 2940 ubi
942 2916 1045 2940 anno
1066 2912 1156 2949 1557
1174 2905 1292 2940 Flori
1309 2905 1578 2941 Breviarium
1596 2907 1805 2942 Historiae
1821 2907 1896 2943 Ro-

240 2980 389 3004 manae
407 2966 655 3013 recognovit,
674 2970 792 3012 atque
817 2964 941 2999 edidit
965 2963 1301 3011 apud'Claudium
1324 2964 1590 3001 Bornaticum.
1617 2966 1680 3003 Cf.
1705 2967 1896 3003 NICOLAS

243 3029 455 3072 ANTONIO,
475 3027 582 3062 Bibl.
602 3026 721 3072 Hisp.
740 3036 860 3066 nova,
877 3028 906 3059 t.
927 3024 958 3068 I,
978 3036 1017 3071 p.
1035 3033 1127 3069 422,
1148 3023 1244 3059 edit.
1267 3024 1319 3059 1.²
1337 3024 1558 3060 matritens.

312 3089 327 3110 ὓ
376 3087 597 3135 Ignigista,
617 3086 667 3120 ab
687 3085 823 3132 Issigo,
837 3082 943 3118 idem
963 3089 1025 3120 est
1034 3095 1086 3119 ac
1104 3082 1343 3130 ignatianus,
1363 3095 1434 3120 seu
1452 3086 1604 3120 assecla
1622 3086 1663 3121 S.
1683 3084 1843 3132 Ignatii.
