2020 3464
304 257 375 294 818
926 257 1065 293 Emsr.
1092 258 1137 293 P.
1165 257 1318 295 NADAL

1089 355 1148 390 43

390 413 466 456 Ex
507 413 591 456 litt.
637 412 869 469 quadrim.
916 412 1224 470 Ulyssiponae.
1270 413 1536 468 Decembre,
1580 416 1842 471 1562.-—...
1883 415 1938 458 El

302 474 375 518 Sr.
405 473 466 516 D.
491 473 625 530 Joan,
657 485 746 528 que
773 485 823 516 es
850 472 894 516 el
921 486 1002 528 rey
1028 473 1086 517 de
1113 473 1306 529 Ceyl6n,
1346 486 1436 529 que
1457 472 1606 518 arriba
1631 473 1756 532 digo‚
1793 487 1844 518 es
1871 487 1936 517 un

300 533 549 576 moehacho
570 532 627 575 de
647 532 778 574 hasta
805 541 854 586 15
877 537 1005 585 afios,
1031 546 1121 587 que
1142 531 1252 575 uino
1272 532 1330 576 de
1350 532 1395 575 la
1414 531 1543 576 India
1563 536 1590 577 έι
1611 533 1833 590 aprender
1853 536 1935 577 aea

299 592 366 635 las
386 604 517 635 cosas
537 590 595 635 de
614 591 659 634 la
679 590 753 647 ley
772 605 803 646 y
823 591 998 635 buenas
1019 592 1302 635 costumbres
1322 605 1353 648 y
1373 591 1541 636 latin...
1570 594 1595 635 ¹.

293 710 397 745 tiam
414 709 609 751 codicum,
628 719 718 756 pag.
736 716 848 754 Lxrv,
867 711 917 753 c).
944 707 1044 744 Vide
1062 720 1193 756 supra,
1211 721 1251 745 n.
1276 719 1324 755 40
1346 709 1464 757 hujus
1481 709 1709 758 appendicis
1727 694 1933 757 epistolax'n

296 756 423 792 Patris
440 754 649 802 Cordeses,
667 755 732 792 cui
749 755 789 792 in
806 756 878 792 hac
894 767 1127 803 responsum
1143 756 1273 793 datur.

365 805 377 826 ¹
427 804 487 839 Ex
508 803 634 840 Lusit.
654 804 799 851 Epist„
821 805 895 840 loc.
915 803 1000 850 eit„
1024 803 1092 839 fol.
1120 803 1204 840 261.
1231 804 1278 840 In
1300 803 1374 840 hoe
1396 803 1587 852 epistolae
1610 805 1833 851 fragmento
1856 803 1925 840 de-

294 852 462 887 claratur
491 850 671 898 quisnam
700 856 807 887 esset
836 851 872 887 el
904 851 968 886 S!
998 851 1053 887 D.
1078 850 1204 898 Joan,
1235 851 1285 887 de
1316 862 1394 898 quo
1422 862 1551 888 sermo
1579 858 1642 889 est
1665 852 1706 889 in
1729 863 1819 899 pag.
1845 851 1933 898 668,

296 903 430 935 annot.
449 907 471 934 2
488 898 604 946 hujus
623 898 733 936 tomi.
