2060 3490
277 289 346 318 120
852 283 992 318 EmsT.
1021 283 1065 317 P.
1093 281 1343 317 NADALw-—38

365 383 527 436 Padre,
553 383 600 426 in
623 390 800 439 questa,
826 400 852 429 a
880 384 1026 441 gloria
1053 383 1098 426 di
1130 398 1213 426 sua
1240 382 1396 426 diuina
1424 382 1632 436 Maiesta,
1664 384 1930 429 laudaremo
1978 397 1982 404 ’

274 459 306 503 il
328 459 525 517 Signore
546 462 664 505 nelle
686 476 824 518 opere
847 463 932 504 che
954 476 1034 517 per
1056 476 1138 504 sua
1161 459 1469 504 misericordia
1497 459 1536 503 si
1563 461 1714 517 degna
1742 462 1850 506 dare
1876 462 1926 507 in

274 544 437 594 questo
459 552 544 581 suo
566 538 761 595 collegio
783 545 828 582 et
851 537 1227 594 congregatione,
1253 538 1327 580 del
1355 537 1470 581 altro
1498 544 1649 594 tempo
1677 545 1927 583 remetten-

274 615 376 658 doci
398 615 484 659 alle
506 615 678 668 scritte,
700 616 796 658 solo
818 615 1011 658 dicendo
1033 614 1139 658 delli
1161 613 1307 657 vltimi
1329 613 1442 658 mesi
1464 613 1511 663 in
1528 616 1742 671 generale
1758 615 1923 672 primo,

234 703 237 706 ⁴
275 699 321 736 et
342 691 464 748 dipoi
486 691 534 735 in
554 691 842 749 particulare.

372 782 409 814 Ι.
474 769 563 813 Noi
585 783 672 812 con
701 771 743 812 la
772 768 919 826 gratia
950 769 1023 811 del
1051 768 1246 825 Signore
1274 768 1549 826 seguitiamo
1575 768 1795 813 essercitii
1821 769 1925 814 lite-

276 845 382 890 rarii
419 853 465 890 et
501 845 742 902 spirituali,
774 845 838 902 gli
867 845 941 888 doi
964 860 1051 889 con
1074 845 1138 902 gli
1166 845 1376 899 scholari,
1402 845 1467 903 gli
1494 845 1718 903 spirituali
1745 861 1832 890 con
1860 846 1928 904 gli

278 922 396 976 altri,
422 930 468 966 et
492 922 716 966 trouiamo
739 922 847 966 farsi
869 937 983 979 gran
1008 923 1150 966 frutto
1173 937 1260 966 con
1281 930 1547 980 augmento,
1566 922 1598 966 il
1619 924 1703 967 che
1719 923 1931 968 vediamo

278 1001 352 1044 nel
373 1013 597 1043 concurso
618 1000 737 1043 della
758 999 934 1043 chiessa
955 1006 1002 1043 et
1025 999 1279 1055 frequentia
1299 1000 1346 1043 di
1367 999 1642 1044 confessioni
1657 1006 1704 1044 et
1719 1014 1917 1044 commu-

279 1076 419 1129 nioni,
450 1083 495 1120 et
532 1076 899 1133 sperimentiamo
926 1076 974 1118 in
1003 1077 1151 1133 questi
1182 1076 1405 1121 essercitii
1432 1078 1572 1121 molta
1599 1076 1928 1130 consolatione,

279 1160 325 1197 et
347 1153 532 1197 alacrita
553 1154 600 1196 di
622 1168 777 1207 cuore,
802 1161 849 1197 et
871 1153 1021 1197 animo
1042 1154 1089 1196 di
1110 1168 1288 1198 crescer
1309 1154 1354 1197 di
1376 1154 1595 1198 continuo
1616 1155 1691 1198 nel
1712 1153 1926 1211 Signore.

282 1232 318 1273 E
340 1231 523 1287 publica
544 1245 658 1275 voce
680 1230 844 1274 essersi
866 1230 1074 1275 rinouata
1096 1238 1257 1286 questa
1279 1238 1399 1275 terra
1425 1231 1471 1275 di
1499 1231 1575 1288 poi
1603 1233 1689 1275 che
1715 1232 1759 1275 la
1786 1232 1927 1275 Com-

279 1308 448 1365 pagnia
475 1310 501 1352 e
528 1308 575 1351 in
604 1323 719 1352 essa.
753 1307 844 1352 Noi
873 1308 1036 1352 stiamo
1064 1308 1170 1352 tutti
1200 1315 1326 1352 tanto
1353 1309 1580 1365 occupati,
1611 1316 1657 1353 et
1682 1308 1926 1366 principal-

280 1392 433 1429 mente
470 1385 710 1439 sacerdoti,
750 1387 836 1429 che
872 1400 1030 1442 spesso
1067 1400 1160 1429 non
1187 1392 1369 1442 potemo
1398 1387 1606 1430 attender
1632 1401 1658 1430 a
1679 1385 1803 1440 tutti,
1834 1392 1880 1430 et
1901 1387 1931 1430 e

282 1463 538 1507 necessario
560 1465 703 1508 hauer
725 1480 787 1507 vn
809 1464 983 1520 grande
1005 1470 1051 1507 et
1072 1463 1271 1507 distritto
1293 1463 1450 1508 ordine
1470 1464 1544 1508 del
1566 1470 1733 1521 tempo,
1758 1463 1932 1520 princi-

283 1541 511 1596 palmente
538 1555 619 1597 per
646 1540 711 1597 gli
734 1540 889 1585 studii.
920 1542 997 1584 Ex
1023 1542 1252 1584 occasione
1279 1541 1318 1584 si
1348 1543 1408 1585 ha
1435 1542 1548 1600 fatto
1579 1548 1625 1586 et
1654 1541 1699 1585 fa
1724 1556 1787 1584 vn
1813 1555 1932 1598 gran

285 1618 443 1672 frutto,
465 1620 550 1662 che
567 1617 613 1660 in
632 1618 738 1661 tutti
760 1618 825 1676 gli
842 1618 1104 1663 monasterii
1125 1618 1169 1664 ia
1189 1620 1246 1664 de
1267 1618 1425 1676 alguni
1447 1618 1559 1663 mesi
1575 1618 1613 1663 si
1630 1620 1933 1675 frequentano

283 1695 558 1739 confessioni
587 1703 633 1740 et
661 1695 986 1750 communioni,
1017 1703 1063 1740 et
1090 1696 1462 1754 principalmente
1484 1697 1602 1740 nelle
1624 1697 1740 1740 feste
1759 1695 1927 1752 princi-

282 1772 389 1828 pali,
414 1779 461 1816 et
482 1773 521 1816 si
543 1775 602 1817 ha
623 1773 879 1818 comincato
901 1774 945 1818 ia
967 1789 993 1818 a
1013 1774 1220 1831 predicar
1240 1774 1288 1817 in
1309 1773 1482 1832 alguni.
1514 1775 1549 1817 Il
1575 1775 1645 1819 Sr.
1679 1773 1829 1817 vicere
1857 1779 1934 1817 sta

284 1851 423 1894 molto
440 1851 652 1895 edificato
668 1852 784 1895 della
803 1866 941 1908 opera
957 1858 1004 1895 et
1021 1853 1071 1895 ln
1086 1853 1356 1895 vniuersum
1374 1858 1494 1895 tutta
1509 1852 1552 1895 la
1569 1858 1689 1895 terra
1703 1857 1750 1895 et
1761 1865 1924 1907 regno.

284 1926 332 1971 Si
356 1927 493 1971 fanno
515 1929 654 1972 molte
676 1928 951 1973 confessioni
972 1929 1176 1986 generali
1198 1943 1277 1986 per
1297 1929 1556 1973 rinouation
1583 1929 1629 1971 di
1657 1928 1767 1981 vita,
1790 1927 1822 1970 il
1844 1929 1934 1971 che

284 2005 310 2047 e
332 2004 575 2059 ordinario,
600 2005 638 2049 si
660 2011 914 2062 procurano
936 2005 1052 2063 paci,
1077 2007 1382 2063 perdonanze‚
1406 2020 1536 2050 come
1557 2020 1757 2059 occorre,
1781 2011 1828 2049 et
1843 2006 1935 2049 che

286 2080 323 2123 si
341 2071 549 2126 ordinino
570 2083 613 2127 le
636 2082 803 2126 familie
825 2084 868 2126 al
889 2099 998 2128 vero
1013 2083 1144 2127 viuer
1160 2083 1421 2137 christiano,
1446 2083 1485 2127 si
1501 2085 1652 2127 danno
1669 2082 1888 2128 essercitii
1905 2097 1934 2126 a

287 2158 460 2202 homim
483 2166 529 2203 et
549 2160 702 2204 donne
723 2161 843 2204 nella
863 2161 1034 2205 chiesia
1055 2168 1225 2214 nostra,
1251 2176 1277 2205 a
1298 2161 1508 2214 scholari,
1533 2176 1561 2205 o
1588 2175 1782 2217 persone
1809 2166 1932 2216 apte,

287 2250 379 2278 non
401 2251 459 2280 ne
480 2236 632 2281 diamo
653 2253 703 2282 se
723 2253 817 2282 non
838 2239 1053 2292 districte,
1075 2254 1102 2282 o
1124 2240 1221 2283 sola
1237 2240 1280 2282 la
1301 2238 1444 2295 prima
1465 2238 1720 2292 settimana3
1740 2237 1934 2282 habbia-
1985 2245 1995 2259 ⁶

288 2327 363 2356 mo
384 2315 525 2358 molto
556 2329 777 2359 concorso
806 2315 853 2358 in
882 2315 1118 2373 risponder
1145 2331 1172 2359 a
1199 2315 1292 2360 casi
1319 2315 1365 2359 di
1391 2315 1684 2369 conscientia,
1714 2329 1807 2358 non
1834 2315 1936 2358 solo

286 2389 331 2432 di
353 2391 544 2447 peccati,
570 2407 644 2435 ma
665 2394 864 2437 anchora
885 2393 990 2436 delli
1012 2393 1163 2447 iurati,
1188 2393 1262 2436 chi
1283 2408 1376 2436 non
1397 2394 1550 2436 hanno
1577 2407 1684 2436 cosa
1711 2394 1795 2436 che
1822 2406 1932 2449 pos-

286 2467 357 2510 sin
378 2468 587 2514 dubitare
609 2470 660 2512 in
674 2471 789 2528 foro
811 2472 1107 2514 conscientiae
1128 2472 1213 2514 che
1234 2484 1327 2514 non
1348 2469 1606 2514 consultino
1627 2484 1714 2513 con
1736 2469 1827 2513 noi.

377 2558 418 2588 2.
484 2546 561 2590 Gli
590 2547 811 2591 essercitii
837 2548 980 2591 nostri
1007 2548 1055 2591 in
1082 2548 1231 2592 littere
1262 2562 1422 2602 sonno,
1454 2549 1538 2591 che
1565 2547 1611 2590 di
1644 2561 1696 2605 19
1722 2549 1808 2591 che
1837 2546 1905 2591 sia

286 2638 376 2677 mo,
404 2624 500 2668 fora
521 2624 586 2681 gli
608 2624 654 2667 di
675 2624 878 2678 seruitio,
904 2641 932 2683 9
954 2625 1200 2683 leggiamo:
1227 2639 1252 2681 3
1274 2625 1406 2669 classi
1428 2624 1475 2668 in
1503 2625 1814 2689 grammatica,
1838 2640 1935 2669 vna.

286 2699 333 2742 in
355 2700 608 2755 humanita,
632 2717 723 2746 vna
744 2701 791 2745 in
813 2703 1054 2757 rethorica,
1080 2718 1170 2746 vna
1191 2703 1238 2746 in
1259 2702 1424 2760 logica,
1448 2717 1538 2747 vna
1560 2702 1607 2745 in
1629 2701 1932 2759 philosophia,

288 2793 380 2821 vno
402 2779 539 2836 legge
561 2793 716 2836 greco,
736 2781 905 2823 hebreo
923 2787 968 2823 et
985 2780 1213 2834 Euclides,
1233 2787 1280 2824 et
1300 2795 1392 2824 vno
1414 2779 1658 2837 theologia.
1685 2779 1735 2824 Si
1751 2793 1884 2823 serua
1899 2778 1936 2822 il,

283 2974 402 3011 finem
420 2981 613 3022 vergente
631 2987 732 3012 anno
753 2984 839 3021 1551
861 2977 951 3012 data
969 2976 1089 3014 fuerit
1105 2982 1222 3026 prout
1245 2990 1295 3014 ex
1318 2977 1381 3025 iis,
1406 2989 1506 3026 quae
1531 2977 1573 3014 in
1594 2977 1680 3025 ipsa
1700 2982 1935 3013 enarrantur

282 3034 488 3081 perspicue
507 3040 682 3082 apparet.
702 3036 808 3072 Usus
823 3041 884 3071 est
901 3037 973 3072 hac
997 3037 1164 3084 epistola
1186 3038 1230 3073 P.
1256 3038 1477 3084 PoLANCO,
1504 3037 1667 3081 Chron„
1694 3036 1746 3084 ΙΙ,
1770 3045 1933 3082 219·24o

284 3094 455 3140 saepius.
476 3094 539 3130 Cf.
555 3095 675 3130 etiam
698 3095 791 3131 Litt.
814 3096 1052 3141 Quadrim„
1073 3098 1106 3145 1,
1123 3105 1297 3143 474-479.
