2098 3548
613 649 615 651 ι
690 647 1063 729 'NOTITIA‘
1103 645 1481 712 CODICUM

486 825 548 855 Ex
571 824 751 864 QUIBUS
776 816 1079 883 MONUMEN'TA
1104 823 1154 854 IN
1177 823 1275 855 Hoc
1297 800 1714 882 opnnssfisnanlTA
1783 800 1786 801 ⁷

913 949 1295 980 DEPROMUNTUR.

370 1106 632 1161 Antequam
655 1106 712 1149 ad
739 1104 1026 1161 singulorum
1055 1103 1264 1147 codicum
1293 1102 1643 1160 descriptionem
1672 1103 1924 1157 veniamus,

279 1184 371 1227 duo
393 1182 809 1227 animadvertenda.
840 1181 1040 1225 Primum
1065 1180 1264 1237 quidem,
1296 1180 1537 1224 maximam
1559 1178 1930 1238 potissimamque

281 1260 491 1304 codicum
509 1275 536 1304 a
556 1259 688 1303 nobis
711 1259 1015 1303 adhibitorum
1040 1265 1213 1315 partem
1236 1259 1294 1302 ad
1325 1257 1528 1302 diversas
1550 1257 1793 1303 Societatis
1818 1260 1930 1317 Jesu

281 1339 458 1393 domos,
483 1337 676 1395 collegia
698 1344 743 1381 et
765 1336 1022 1394 provincias
1044 1336 1286 1394 pertinere,
1312 1351 1397 1380 nec
1416 1335 1607 1393 proinde
1636 1351 1728 1380 uno
1755 1335 1804 1379 in
1829 1337 1931 1380 loco

283 1415 520 1469 asservari,
545 1415 636 1459 imo
659 1416 919 1472 frequenter
941 1415 998 1458 ab
1022 1429 1113 1458 una
1133 1414 1180 1458 in
1203 1414 1335 1458 aliam
1352 1415 1554 1468 domum,
1574 1429 1656 1471 pro
1679 1421 1932 1472 temporum

283 1493 465 1551 injuria,
491 1494 603 1537 tales
630 1492 811 1537 codices
840 1493 1154 1536 tranferendos
1183 1492 1338 1537 fuisse.
1372 1491 1766 1549 Quotiescumque
1792 1491 1935 1549 igitur

285 1571 334 1615 in
360 1570 667 1628 descriptione
703 1570 895 1626 alicujus
933 1570 1103 1614 codicis
1141 1570 1366 1614 tacebitur
1401 1570 1530 1613 locus
1566 1569 1645 1613 ubi
1676 1576 1840 1623 exstat,
1881 1584 1936 1613 eo

287 1648 387 1706 ipso
410 1647 685 1692 indicabitur
708 1648 843 1692 talem
864 1648 1067 1692 codicem
1090 1647 1208 1692 inter
1225 1647 1468 1693 Societatis
1479 1649 1590 1706 Jesu
1613 1661 1751 1691 manu
1769 1646 1937 1704 scripta

289 1725 566 1771 conservari.

379 1804 590 1848 Alterum
613 1810 697 1857 est,
723 1818 882 1848 omnes
909 1803 1089 1848 codices
1116 1803 1234 1849 infra
1255 1809 1648 1857 commemoratos,
1673 1805 1939 1848 chartaceos

290 1896 405 1934 esse,
431 1896 516 1926 nec
532 1881 721 1939 proinde
742 1881 788 1924 id
810 1881 856 1925 in
879 1896 1154 1938 unaquaque
1170 1871 1474 1939 descriptione
1490 1881 1746 1925 iterandum
1764 1882 1874 1925 fore.

383 1959 604 2013 Tertium,
631 1960 688 2004 ad
710 1960 913 2004 ordinem
936 1967 1126 2017 spectat,
1153 1976 1244 2017 quo
1265 1960 1471 2004 diversos
1493 1959 1675 2003 codices
1697 1973 1940 2004 recensen-

294 2038 377 2082 dos
398 2037 627 2091 duximus3
653 2037 799 2094 primo
822 2037 942 2081 enim
965 2039 1067 2082 loco
1091 2053 1313 2095 ponemus
1335 2038 1450 2092 illos,
1477 2053 1670 2095 quorum
1688 2044 1846 2082 auctor
1865 2038 1939 2081 vel

296 2116 511 2159 collector
532 2114 682 2159 extitit
703 2114 800 2171 ipse
823 2117 876 2157 P.
903 2116 1064 2169 Nada13
1091 2115 1256 2159 deinde
1278 2115 1491 2172 reliquos.

553 2277 820 2322 CODICES
843 2278 977 2322 MSS.
1008 2280 1059 2320 P.
1088 2278 1442 2322 HIERONYMI
1464 2278 1683 2321 NADAL

1002 2390 1186 2431 Codex
1216 2392 1244 2431 Ι

396 2505 682 2549 «Clzronicon
706 2505 892 2548 Natalis
913 2505 1009 2548 iam
1031 2506 1138 2548 inde
1160 2521 1189 2548 a
1203 2506 1438 2563 principio
1459 2506 1705 2549 vocationis
1726 2518 1945 2548 suae.»—

304 2584 414 2640 Ejus
436 2581 785 2640 descriptionem
808 2582 911 2626 vide
932 2582 1065 2638 infra,
1097 2583 1143 2626 in
1171 2584 1303 2641 primi
1331 2584 1469 2640 hujus
1495 2582 1738 2627 voluminis
1766 2596 1871 2639 pag.
1905 2595 1942 2635 1,

305 2668 461 2706 annot.
493 2674 530 2705 Ι.

396 2739 485 2783 Hic
506 2738 650 2783 codex
672 2753 699 2781 a
720 2738 851 2781 nobis
872 2739 959 2781 hoc
981 2739 1115 2782 modo
1137 2738 1366 2783 citabitur:
1396 2739 1565 2783 Clzron.
1594 2738 1750 2782 Natal.

1011 2863 1195 2904 Codex
1222 2866 1264 2907 2

399 2975 457 3016 Ρ.
493 2972 677 3016 Natalis
708 2972 1253 3029 eplzemerides.—Codex
1281 2973 1509 3030 oblongus
1537 2972 1584 3016 in
1615 2983 1687 3027 40
1718 2970 1951 3015 dimidiato

308 3053 386 3103 (21
410 3061 464 3097 ><
488 3049 516 3093 8
536 3053 647 3093 cent.
648 3051 685 3106 ),
709 3055 914 3094 recenter
936 3056 1218 3106 compactus,
1251 3056 1296 3093 et
1326 3051 1413 3094 hac
1434 3049 1480 3094 in
1502 3050 1637 3094 dorso
1659 3047 1952 3106 inscriptione
