2098 3484
838 304 858 340 5
889 296 990 339 MAJ1
1021 305 1112 341 1550
1750 296 1799 333 83

142 408 251 445 nate
274 399 441 444 familie
462 398 511 442 in
527 399 571 441 13
593 397 705 442 citta
741 397 820 454 piu
847 397 894 440 di
929 407 1027 452 150:
1060 399 1087 441 e
1115 404 1234 441 stata
1260 411 1370 440 cosa
1391 397 1450 440 de
1471 412 1587 454 gran
1614 398 1801 441 seruitio

143 479 221 523 del
242 478 413 535 Signor
434 483 480 521 et
501 476 548 519 di
570 476 711 519 molta
732 474 1021 519 edificatione
1052 476 1082 517 ¹.

239 567 281 611 7.
347 556 527 611 Questo
548 553 798 598 medesimo
819 551 1006 609 signore
1027 552 1065 595 si
1094 553 1154 596 ha
1175 553 1334 596 voluto
1356 552 1503 596 seruit
1523 553 1643 596 della
1664 553 1805 597 Com—

146 633 316 691 pagnia
331 633 379 675 in
396 638 559 688 questa
576 631 687 675 citta
702 630 751 673 in
767 631 850 673 dar
865 627 931 687 gli
941 629 1251 674 commissioni
1261 630 1336 674 del
1351 629 1502 673 officio
1519 630 1639 674 della
1653 629 1805 687 inqui-

143 710 327 762 sitione,
353 717 415 763 et,
441 724 522 766 per
542 707 727 752 hauersi
748 707 797 750 di
817 708 1038 764 proceder
1059 709 1383 760 criminaliter,
1406 722 1500 750 non
1522 706 1564 751 ci
1585 709 1646 750 ha
1674 722 1807 764 parso

145 788 194 832 di
217 795 417 832 accettar
439 786 518 832 tali
539 785 865 839 commissioni,
890 786 1091 829 secondo
1113 786 1143 828 1’
1176 784 1388 829 instituto
1419 792 1593 838 nostro,
1624 791 1671 828 et
1691 786 1783 828 hab

147 866 299 910 biamo
335 865 563 910 satisfatto
600 879 689 908 con
725 865 846 907 bona
883 863 1033 920 gratia
1070 878 1097 907 a
1118 864 1215 908 Sua
1243 863 1372 917 Ssia,
1398 870 1445 907 et
1472 864 1515 907 la
1541 861 1741 907 seruimo
1762 862 1808 905 in

147 943 400 988 essaminar
420 941 523 986 libri
546 941 757 998 suspetti,
783 948 829 984 et
850 955 900 985 se
922 955 980 984 ne
1001 940 1115 985 sono
1137 940 1297 998 alguni
1319 940 1519 985 brussati
1540 955 1621 998 per
1642 939 1810 984 iudicio

151 1028 329 1074 nostro,
349 1035 488 1065 senza
503 1019 692 1063 infamia
707 1018 754 1062 di
771 1019 914 1072 nullo,
933 1018 1037 1062 libri
1054 1021 1142 1063 che
1157 1018 1196 1062 si
1213 1025 1469 1062 trouauano
1485 1019 1605 1062 nelle
1620 1017 1811 1074 botighe

116 1108 118 1110 “
149 1099 199 1142 di
220 1098 390 1151 librari,
416 1105 463 1142 et
479 1097 521 1141 ci
537 1099 597 1141 ha
612 1097 739 1140 datta
761 1097 992 1141 authorita
1013 1097 1059 1140 di
1081 1104 1211 1154 poter
1226 1097 1439 1141 absoluer
1456 1096 1564 1140 tutti
1581 1095 1719 1153 quelli
1737 1095 1811 1140 chi

154 1176 403 1221 hauessino
424 1174 587 1219 hauuti
614 1174 718 1218 libri
745 1173 941 1231 suspetti
978 1175 1110 1218 modo
1135 1189 1229 1217 non
1256 1175 1308 1218 in
1345 1177 1647 1232 contemptum
1679 1175 1813 1218 edicti

155 1256 200 1298 ei
220 1257 282 1310 (P)
301 1257 347 1297 vt
368 1253 699 1306 consentiendo,
721 1252 956 1310 pigliando
978 1251 1055 1295 noi
1078 1252 1143 1309 gli
1159 1251 1278 1307 libri3
1297 1253 1417 1296 della
1433 1253 1568 1308 quale
1590 1252 1815 1296 auctorita

156 1332 236 1390 gia
256 1331 295 1376 si
312 1347 339 1375 a
359 1331 479 1375 visto
502 1331 660 1383 frutto,
686 1338 732 1374 et
753 1330 792 1374 si
813 1345 946 1387 spera
967 1331 1108 1374 molto
1131 1331 1307 1387 grande
1334 1331 1366 1374 ³.

250 1411 291 1453 8.
357 1409 448 1454 Gia
468 1408 515 1452 di
536 1409 677 1452 molto
700 1415 853 1464 tempo
874 1422 1120 1464 sapeuamo
1142 1409 1185 1452 la
1210 1409 1402 1452 volunta
1428 1408 1475 1451 di
1498 1410 1556 1453 V.
1585 1410 1638 1452 P.
1666 1410 1752 1452 che
1774 1408 1813 1451 si

157 1487 418 1545 procurassi
439 1488 483 1531 la
504 1501 611 1530 casa
631 1485 678 1529 di
699 1485 969 1543 probatione
986 1486 1019 1538 ³,
1045 1493 1091 1529 et
1113 1485 1152 1529 si
1173 1493 1386 1543 spettaua
1406 1487 1450 1530 la
1472 1485 1748 1530 commodita
1768 1493 1815 1530 et

158 1564 470 1623 opportunita.
505 1563 643 1621 Dipoi
670 1563 716 1606 di
744 1577 869 1607 esser
897 1564 1089 1607 fundato
1118 1563 1150 1606 il
1179 1563 1375 1621 collegio
1397 1570 1444 1608 et
1472 1565 1646 1617 dotato,
1677 1570 1724 1608 et
1741 1563 1815 1621 pi—

160 1643 302 1701 gliata
322 1643 367 1686 13
387 1641 692 1699 possessione,
719 1641 758 1685 si
779 1641 988 1685 cominco
1011 1657 1037 1685 a
1054 1641 1272 1699 negociar
1287 1656 1369 1698 per
1390 1643 1435 1685 13
1456 1657 1563 1686 casa
1579 1641 1625 1685 di
1647 1643 1815 1699 proba-

163 1721 302 1774 tione,
329 1727 375 1764 et
396 1734 484 1764 con
506 1720 536 1762 l'
562 1719 742 1776 agiutto
758 1719 864 1763 delli
882 1718 1075 1762 orationi
1091 1718 1138 1762 di
1154 1720 1213 1764 V.
1236 1721 1310 1773 P.,
1331 1719 1455 1777 dipoi
1471 1719 1517 1763 di
1534 1720 1674 1764 molta
1695 1719 1816 1763 diffi—

161 1799 289 1843 culta
308 1797 354 1842 di
383 1805 539 1842 trouar
566 1811 672 1841 casa
699 1797 742 1840 31
779 1796 1028 1858 proposito,
1063 1797 1307 1842 habbiamo
1335 1804 1515 1841 trouata
1537 1812 1617 1854 per
1647 1797 1814 1854 special

166 1875 314 1933 gratia
334 1876 409 1919 del
425 1875 595 1932 Signor
617 1890 706 1918 vna
727 1889 850 1928 casa,
875 1875 919 1918 la
940 1874 1019 1931 piu
1041 1875 1280 1919 commoda
1295 1877 1382 1919 che
1405 1882 1560 1919 trouar
1572 1875 1610 1918 si
1626 1875 1814 1932 potessi,

164 1953 296 1996 iunta
317 1953 361 1996 31
381 1952 593 2009 collegi03
619 1953 663 1996 la
684 1953 819 2008 quale
840 1951 1053 2009 pigliamo
1081 1952 1112 1995 il
1139 1952 1331 1996 sabbato
1353 1953 1472 1997 della
1500 1952 1645 2010 prima
1671 1953 1818 1996 domi-

166 2030 271 2075 nica
296 2030 343 2073 di
365 2030 732 2087 quadragesima,
758 2037 804 2073 et
826 2029 864 2073 si
885 2044 1033 2073 sonno
1056 2030 1287 2074 resceuuti
1309 2031 1373 2073 fin
1400 2030 1530 2075 diece
1556 2030 1709 2074 ioueni
1737 2031 1819 2074 de-

165 2107 395 2151 terminati
417 2107 463 2151 di
485 2122 609 2152 esser
630 2108 748 2151 della
770 2107 1072 2164 Compagnia,
1097 2107 1111 2150 i
1135 2107 1257 2164 quali
1279 2122 1392 2151 sono
1415 2108 1545 2164 quasi
1562 2108 1594 2151 il
1610 2109 1721 2152 fiore
1737 2109 1820 2151 de-

167 2186 234 2243 gli
254 2185 450 2229 scholari
480 2184 528 2228 in
556 2184 794 2229 humanita
829 2191 876 2228 et
903 2184 1218 2241 grammatica,
1243 2192 1290 2230 et
1318 2185 1449 2241 quasi
1479 2185 1586 2228 tutti
1614 2186 1660 2228 di
1682 2186 1822 2229 molta

168 2277 404 2319 speranca.
432 2264 497 2307 La
518 2277 640 2315 casa,
666 2276 754 2305 con
775 2262 818 2305 la
840 2262 989 2319 gratia
1009 2262 1084 2305 del
1106 2262 1320 2320 Signore,
1345 2265 1371 2307 e
1393 2263 1439 2305 di
1467 2263 1607 2307 molta
1635 2263 1822 2306 edifica-

170 2340 311 2394 tione,
331 2347 378 2384 et
393 2354 602 2396 speramo
619 2341 721 2384 sera
735 2339 782 2382 di
799 2355 861 2382 vn
882 2339 1263 2383 excellentissimo
1284 2347 1331 2383 et
1352 2340 1658 2397 grandissimo
1682 2341 1822 2383 frutto

170 2425 219 2461 et
240 2432 357 2474 gran
385 2416 531 2475 gloria
567 2417 641 2461 del
678 2416 875 2474 Signore
907 2417 1045 2460 veder
1081 2423 1209 2460 tanto
1245 2417 1408 2461 mutati
1445 2417 1595 2474 questi
1617 2417 1820 2474 giouani,

172 2502 302 2538 tanto
323 2494 468 2538 diuoti
490 2501 536 2538 et
557 2494 762 2538 contenti
778 2502 824 2538 et
840 2494 1084 2538 constanti.
1112 2496 1201 2538 Per
1215 2497 1329 2539 hora
1343 2495 1588 2539 habbiamo
1609 2494 1821 2539 determi-

174 2578 284 2615 nato
305 2586 399 2615 non
419 2571 645 2629 pigliarne
661 2571 754 2628 piu,
775 2573 840 2615 fin
856 2574 942 2615 che
957 2571 1200 2616 habbiamo
1217 2588 1279 2616 vn
1296 2587 1411 2629 poco
1427 2573 1507 2630 piu
1523 2572 1826 2630 esperimento

174 2663 306 2693 come
327 2649 365 2692 si
387 2648 692 2706 agiuttaremo
714 2664 802 2693 con
823 2650 936 2692 loro.

263 2741 306 2784 9.
374 2727 426 2770 L'
452 2726 702 2770 vniuersita
722 2727 796 2770 del
818 2726 970 2770 studio
987 2727 1218 2788 generale,
1243 2728 1443 2771 secondo
1464 2730 1549 2771 che
1572 2728 1620 2770 fu
1637 2727 1679 2770 al
1702 2726 1828 2784 prin-

195 2895 209 2899 *
250 2888 260 2908 ¹
312 2885 376 2922 Cf.
397 2887 618 2934 Pommco,
643 2886 810 2928 Chre-n„
832 2887 884 2934 ΙΙ,
903 2886 964 2934 36,
984 2899 1023 2922 n.
1044 2885 1103 2931 73.
1126 2932 1128 2934 Ι

179 2950 182 2951 ’
249 2948 264 2967 2
314 2945 377 2981 Cf.
398 2946 618 2993 POLANCO,
641 2945 808 2988 Chron„
829 2947 881 2993 ΙΙ,
900 2945 1026 2993 35-36,
1045 2958 1085 2981 n.
1105 2954 1165 2991 72.

253 3006 268 3026 ³
318 3006 378 3041 De
402 3006 515 3041 initio
546 3006 686 3042 domus
716 3006 960 3053 probationis
987 3007 1262 3053 mamertinae,
1291 3008 1456 3056 ejusque
1481 3018 1708 3055 progressu,
1740 3007 1831 3044 vide

183 3064 419 3106 AGU1LERA‚
447 3066 570 3101 Pro-v.
598 3066 759 3101 Siculae
782 3067 891 3107 hist„
916 3071 1015 3113 part.
1042 3066 1074 3110 I,
1100 3078 1186 3114 cap.
1211 3067 1244 3110 Ι,
1262 3078 1337 3103 ·nn.
1364 3077 1559 3104 xu-XLW.
1586 3067 1688 3103 Vide
1712 3067 1832 3104 etiam

183 3135 316 3171 supra,
336 3124 452 3171 epist.
477 3133 516 3160 11
538 3130 579 3160 et
596 3134 652 3170 123
673 3130 713 3161 et
730 3125 824 3160 Litt.
846 3127 1085 3171 Quadrim„
1105 3126 1138 3173 1,
1156 3126 1228 3172 264
1245 3133 1286 3163 et
1304 3139 1387 3175 seq.
