2098 3548
276 307 346 334 vm
847 297 1092 334 PRAEFATIO
1117 305 1353 333 GENERALIS

272 401 476 458 jungens
498 407 550 444 ut
576 407 778 459 notaret,
811 415 928 456 quae
955 400 1003 443 in
1029 406 1229 443 mentem
1257 399 1488 453 venirent,
1519 413 1610 455 quo
1637 413 1827 443 munere
1844 413 1923 442 vsa-

278 478 454 535 pienter
476 485 522 523 et
542 494 711 536 magna
731 478 969 536 diligentia
990 480 1175 522 functus
1197 484 1281 521 est.
1307 479 1358 521 In
1380 477 1579 523 Siciliam
1600 491 1828 530 reversus,
1846 476 1923 520 vix

278 570 371 600 uno
393 556 455 599 ibi
483 571 602 600 anno
630 571 836 610 emenso,
869 558 1057 600 Romam
1084 555 1236 598 denuo
1263 554 1509 599 accersitur
1530 556 1588 599 ab
1616 554 1816 612 Ignatio,
1847 553 1922 598 cui

278 640 439 678 auctor
460 634 546 677 fuit
570 637 623 678 P.
649 635 796 679 Nadal
825 641 875 677 ut
902 633 1022 677 vitae
1049 647 1160 677 suae
1188 639 1233 676 et
1260 633 1514 677 vocationis
1541 633 1722 677 divinae
1749 647 1922 677 memo-

278 711 388 756 riale
410 711 628 757 Societati
649 712 940 767 relinqueret;
965 713 1053 755 hoc
1075 717 1244 764 autem,
1270 711 1393 766 quod
1415 710 1596 768 saepius
1618 726 1645 754 a
1672 711 1820 755 Nadal
1841 726 1922 755 ex-

281 788 471 846 petitum
503 804 681 846 semper
717 789 957 832 distulerat
983 788 1206 845 Ignafius,
1242 794 1352 831 tunc
1379 788 1578 844 denique
1607 788 1693 845 ipsi
1720 795 1765 832 et
1793 789 1924 833 Gon-

282 867 449 924 calves,
489 867 695 911 oratione
730 866 993 924 praemissa,
1033 866 1367 923 indulgendum
1404 865 1679 910 existimavit
1719 868 1749 910 ¹.
1780 866 1928 910 Nadal

280 959 404 997 vero,
426 943 675 1001 Hispaniae
697 943 1032 988 commissarius
1054 942 1282 1001 generalis
1304 943 1608 998 renuntiatus,
1627 944 1685 987 ad
1705 958 1805 988 eam
1820 943 1927 986 mit-

283 1021 413 1075 titur;
444 1028 496 1064 ut
525 1021 588 1064 ibi
610 1021 959 1065 constitutiones
991 1021 1316 1078 promulgaret,
1342 1035 1415 1064 res
1437 1020 1701 1065 Lusitaniae
1721 1019 1928 1065 nonnihil

281 1098 569 1156 perturbatas
591 1105 899 1156 componeret,
925 1113 1043 1154 quae
1065 1097 1248 1154 quidem
1270 1113 1447 1141 summa
1482 1097 1706 1142 industria
1743 1104 1789 1142 et
1825 1097 1927 1142 feli--

280 1176 462 1220 cissimo
498 1184 668 1221 eventu
695 1175 899 1233 perfecit.
931 1178 1036 1220 Non
1073 1177 1220 1220 solum
1256 1175 1634 1220 constitutionum
1671 1175 1924 1233 genuinum

280 1254 493 1311 spiritum
510 1254 598 1298 illis
619 1254 864 1312 provinciis
886 1253 1149 1309 declaravit,
1174 1255 1255 1298 sed
1276 1253 1484 1311 singulos
1506 1254 1746 1307 allocutus,
1772 1261 1819 1298 et
1838 1253 1924 1297 mi-

282 1332 407 1377 rifice
428 1334 690 1377 consolatus
712 1339 796 1386 est,
829 1332 1123 1375 domesticam
1152 1331 1453 1389 disciplinam,
1479 1331 1645 1384 studia,
1671 1331 1924 1376 animorum

280 1410 649 1467 conjunctionem
678 1410 847 1466 ubique
875 1409 1118 1466 promovit,
1149 1409 1392 1455 Societatis
1419 1424 1587 1454 nomen
1614 1409 1922 1466 amplificavit,

280 1490 465 1532 domum
486 1489 796 1545 professorum
820 1486 1094 1544 Ulyssipone
1114 1487 1273 1540 erexit,
1294 1486 1488 1544 collegia
1504 1486 1686 1544 optimis
1702 1486 1927 1531 constitu—

280 1566 495 1619 tionibus,
521 1565 721 1619 monitis,
747 1565 969 1609 reditibus
991 1565 1133 1618 auxit,
1164 1565 1350 1608 domum
1372 1564 1654 1621 probationis
1675 1571 1927 1622 separatam

284 1643 476 1697 institui,
502 1651 548 1688 et
570 1643 768 1687 ordinari
796 1643 973 1687 curavit
996 1644 1009 1701 (
1017 1643 1159 1700 1553).
1272 1635 1278 1639 ’

347 1723 480 1766 *Inde
507 1720 555 1764 in
583 1720 853 1778 Hispaniam
880 1735 1112 1774 reversus,
1146 1720 1224 1764 ubi
1250 1719 1376 1764 varia
1403 1720 1596 1778 collegia
1631 1719 1925 1774 instituenda,

279 1815 421 1843 novas
443 1798 699 1856 provincias
721 1799 940 1842 creandas
962 1797 1140 1855 Ignatio
1162 1797 1411 1855 proposuit,
1436 1805 1482 1841 et
1501 1797 1644 1855 ipsius
1661 1797 1931 1842 auctoritate

281 1877 468 1930 creavit,
493 1876 843 1920 constitutiones
865 1882 911 1920 et
933 1877 1115 1933 regulas
1138 1875 1185 1919 in
1207 1874 1411 1933 collegiis
1439 1875 1702 1930 declaravit,
1734 1875 1931 1933 collegio

281 1969 467 1998 romano
489 1953 722 2011 suppetias
744 1960 841 1997 tum
869 1953 1126 2007 hominum,
1160 1961 1257 1997 tum
1287 1953 1583 2010 pecuniarum
1614 1954 1797 1997 abunde
1823 1968 1928 2010 pro-

282 2031 480 2076 curavit:
512 2031 832 2076 exercitiorum
861 2031 1025 2074 librum
1054 2031 1218 2075 acriter
1240 2030 1511 2088 impetitum,
1544 2045 1634 2087 qua
1656 2030 1815 2088 gestis,
1841 2045 1931 2087 qua

286 2109 465 2166 scriptis
487 2109 677 2153 feliciter
697 2108 946 2152 vindicavit
968 2110 1130 2166 (1554).
1598 2114 1600 2116 ’

373 2189 424 2230 In
448 2187 607 2230 urbem
629 2187 773 2230 redux
795 2200 877 2242 per
898 2193 1168 2229 autumnum
1192 2186 1299 2230 anni
1323 2197 1450 2242 1554,
1470 2201 1575 2230 cum
1593 2185 1799 2243 Ignatius
1818 2185 1933 2230 assi-

288 2264 390 2308 duis
412 2263 581 2308 morbis
603 2263 958 2316 conflictaretur,
984 2262 1046 2307 ita
1069 2270 1120 2306 ut
1138 2263 1413 2309 Societatem
1431 2278 1570 2321 aegre
1586 2264 1829 2308 admodum
1851 2263 1933 2307 ad-

286 2341 542 2385 ministrare
562 2347 732 2398 posset,
757 2355 862 2384 eum
884 2355 940 2384 ex
963 2340 1151 2384 consilio
1174 2349 1219 2384 et
1240 2341 1359 2385 votis
1381 2340 1583 2385 omnium
1606 2342 1701 2385 fere
1721 2340 1932 2384 sacerdo-

287 2427 384 2463 tum
406 2425 589 2463 nostrae
610 2418 852 2464 Societatis
874 2420 1044 2462 Romae
1066 2418 1354 2475 degentium,
1380 2418 1555 2463 socium
1583 2418 1669 2461 sibi
1696 2418 1742 2461 in
1774 2433 1828 2462 ea
1859 2432 1933 2462 re-

291 2498 443 2555 genda
464 2496 670 2540 adscivit.

374 2576 565 2617 Ineunte
582 2588 702 2616 anno
726 2583 852 2628 1555,
875 2575 969 2617 ΡΡ.
991 2573 1158 2617 Lainez
1176 2562 1226 2617 et⁴
1238 2575 1386 2618 Nadal
1402 2575 1460 2617 ad
1476 2573 1658 2618 comitia
1674 2566 1933 2631 augustana

283 2666 389 2695 cum
411 2652 566 2708 legato
589 2650 710 2694 sedis
732 2650 1021 2706 apostolicae,
1041 2652 1219 2708 Joanne
1241 2653 1425 2704 Moron,
1457 2666 1483 2694 a
1504 2650 1628 2709 Julio
1655 2651 1715 2694 III
1741 2649 1933 2693 mittun—

288 2736 377 2772 tur.
404 2729 494 2773 Sed
518 2734 698 2771 mortuo
720 2727 950 2783 pontifice,
976 2735 1021 2771 et
1043 2728 1210 2772 Lainez
1231 2728 1279 2771 in
1301 2728 1473 2772 Italiam
1496 2729 1731 2780 redeunte,
1758 2729 1812 2771 P.
1838 2729 1934 2772 Na-

288 2807 362 2850 dal
392 2805 607 2862 Dilingae
629 2811 674 2849 et
696 2804 924 2857 Viennae,
950 2804 997 2847 in
1019 2805 1181 2848 studiis
1203 2805 1543 2862 promovendis,
1569 2804 1616 2847 in
1644 2805 1840 2848 fovenda
1862 2819 1935 2848 re-

291 2882 454 2940 ligiosa
476 2881 728 2938 disciplina,
754 2880 802 2923 in
823 2881 1063 2924 haereticis
1091 2881 1388 2935 insectandis,
1414 2882 1564 2926 animo
1593 2896 1771 2938 semper
1798 2881 1935 2926 alacri

287 2967 334 3005 et
361 2953 606 3012 indefesso,
639 2958 794 3002 utilem
833 2973 1013 3014 operam
1052 2959 1311 3003 collocavit.·
1348 2959 1555 3017 Collegia
1590 2958 1744 3004 Italiae
1770 2959 1934 3003 deinde

362 3132 370 3151 ¹
424 3128 524 3165 Vide
544 3127 659 3174 infra,
679 3128 879 3175 JlMENEZ,
900 3125 1137 3169 Comment.²
1157 3139 1195 3162 n.
1220 3135 1276 3172 19.
