2020 3484
704 234 854 273 MENSE
879 228 1074 274 Ocronm
1102 232 1191 281 1561
1704 241 1774 280 545

221 338 296 382 Ad
316 338 481 382 calcem
495 338 681 394 primae
694 338 917 395 paginae,
940 338 1104 382 Patris
1126 336 1284 381 Nadal
1309 350 1469 380 manu:
1489 336 1549 380 N.
1576 337 1629 379 P.

230 450 473 507 Inscriptio
500 451 552 494 in
577 452 744 507 quarta
764 450 968 507 pagina:
995 413 1084 494 nis.
1127 448 1188 492 Al
1218 463 1328 505 muy
1356 448 1472 493 Rdo.
1504 461 1564 492 en
1591 446 1776 492 Christo

142 527 287 571 Padre
308 533 511 580 nuestro,
536 527 579 570 el
601 527 654 570 P.
689 528 801 570 M.rO
836 527 1040 583 Laynez,
1072 525 1258 583 general
1286 525 1343 568 de
1369 525 1414 569 la
1442 526 1694 582 Compafila
1719 524 1778 567 de

134 605 286 661 Jesl'is.
318 605 462 647 Paris.

228 681 336 725 Alia
356 695 514 725 manu:
541 681 667 736 1561.
694 680 867 725 Alcala.
896 682 979 724 Re
1003 679 1166 725 Nadal.
1193 691 1251 738 29
1272 679 1318 723 di
1340 678 1498 735 Aprile
1523 677 1634 738 [sic].

237 759 489 816 Vestigium
510 771 640 801 cerae
661 757 830 801 rubrae
849 758 1014 815 sigilli.

901 1015 1014 1059 158

581 1119 740 1157 DNUS.
767 1118 1046 1157 RUIGOMEZ
1073 1119 1145 1154 DE
1169 1117 1330 1155 SILVA

396 1216 644 1259 PATRI
695 1215 1194 1260 HIERONYMO
1246 1214 1528 1259 NADAL

473 1310 704 1380 Compluti
725 1323 789 1382 (?),
814 1337 972 1366 mense
994 1297 1188 1367 Octobri
1210 1321 1258 1379 (Ρ)
1286 1321 1394 1377 1561
1424 1322 1455 1365 ¹.

139 1451 173 1478 Ι.
193 1442 420 1490 Epistulam
445 1443 586 1478 Patris
608 1441 760 1485 Nadal‚
785 1453 868 1489 qua
892 1442 1060 1478 Patrem
1084 1441 1220 1477 Araoz
1244 1439 1506 1488 Complutum
1529 1439 1780 1483 convocabat,

208 1502 384 1548 seipsum
407 1501 626 1537 Matritum
642 1502 1009 1550 perlaturum.—2.
1036 1501 1086 1537 Se
1113 1502 1358 1536 curaturum
1381 1500 1547 1549 negotia
1576 1499 1785 1536 Societatis

211 1562 324 1609 apud
340 1562 504 1610 regium
520 1564 721 1604 senatum,
740 1561 839 1597 dum
858 1561 946 1596 ΡΡ.
972 1560 1110 1597 Nadal
1133 1562 1171 1596 et
1195 1560 1331 1595 Araoz
1358 1558 1566 1608 Compluti
1595 1559 1644 1595 de
1668 1559 1786 1595 rebus

211 1621 371 1657 intimis
388 1621 497 1658 inter
511 1633 552 1657 se
574 1621 865 1667 colloquentur.

890 1721 1022 1816 jhiis.

163 1915 170 1916 .
234 1873 347 1930 Muy
367 1871 483 1915 Rdo.
515 1872 677 1916 Sefior.

239 1962 276 1993 Ι.
340 1950 412 1992 Yo
433 1951 537 1992 auia
558 1948 616 1991 de
637 1947 810 1991 embiar
831 1954 930 1992 esta
952 1954 1077 1992 carta
1097 1948 1155 1992 de
1183 1949 1242 1992 V.
1276 1949 1328 1992 P.
1357 1962 1468 2004 para
1488 1947 1531 1992 el
1555 1949 1608 1992 P.
1636 1948 1788 1992 Araoz

142 2041 230 2070 con
251 2041 313 2069 vn
334 2040 507 2079 correo,
533 2041 563 2082 y
585 2025 884 2069 considerado
906 2025 948 2068 el
971 2024 1141 2082 tiempo
1164 2039 1254 2082 que
1276 2025 1318 2068 61
1349 2039 1507 2068 correo
1540 2028 1699 2081 pornia
1731 2039 1789 2068 en

216 2214 227 2235 ¹
277 2212 337 2248 Ex
353 2215 614 2258 transumpto,
633 2222 655 2246 a
673 2210 853 2256 Jimenez
871 2214 1047 2256 exarato,
1066 2209 1107 2246 in
1124 2209 1247 2257 H'z'sp.
1263 2210 1396 2258 Epist.
1416 2209 1524 2255 1561,
1544 2210 1623 2252 III,
1642 2209 1790 2257 duplici

144 2272 229 2319 fol„
252 2283 331 2308 non
355 2275 574 2315 numerato,
598 2281 646 2306 eo
668 2270 786 2318 quod,
810 2275 1043 2317 consumpta
1066 2270 1222 2316 charta,
1247 2281 1434 2305 numerus
1458 2269 1579 2305 etiam
1603 2281 1654 2305 ex
1679 2274 1790 2316 parte

146 2330 320 2368 evanuit.
341 2329 540 2378 Suspicari
557 2329 651 2365 licet
671 2330 745 2364 hoc
763 2328 900 2365 folium
924 2339 1088 2364 numero
1111 2338 1182 2374 440
1204 2328 1400 2376 quondam
1426 2328 1625 2375 signatum
1650 2328 1789 2374 fuisse,

145 2397 228 2427 tum
246 2403 295 2427 ex
314 2390 354 2426 ff.
374 2389 718 2438 praecedentibus,
742 2393 826 2424 tum
851 2400 901 2424 ex
924 2400 963 2424 n.
983 2374 1020 2434 Af,
1039 2387 1106 2436 qui
1130 2388 1256 2424 adhuc
1279 2388 1319 2424 in
1343 2393 1520 2424 extrema
1543 2399 1610 2423 ora
1633 2388 1791 2424 chartae

145 2456 206 2487 sat
222 2451 327 2486 clare
344 2449 597 2497 conspicitur.
617 2449 663 2484 In
681 2448 872 2496 superiori
889 2459 957 2483 ora
975 2448 1124 2495 primae
1142 2448 1323 2495 paginae,
1343 2460 1460 2484 manu
1479 2449 1524 2483 P.
1540 2447 1680 2495 Nadal,
1694 2448 1792 2483 haec

145 2510 290 2558 scripta
307 2510 514 2545 habentur:
533 2512 643 2556 para
666 2509 738 2553 mi,
763 2508 828 2542 sin
851 2507 1274 2547 sobrescrito.—Manu
1299 2512 1432 2543 autem
1455 2506 1587 2543 fratris
1612 2507 1792 2554 Jimenez

144 2574 372 2606 annotatum
390 2574 451 2604 est
468 2568 509 2604 in
527 2567 716 2614 margine:
746 2565 885 2614 Copia.
913 2565 1105 2613 Quamvis
1130 2566 1198 2602 ubi
1224 2567 1322 2602 haec
1346 2566 1514 2614 epistola
1536 2566 1627 2602 data
1652 2566 1703 2602 sit
1725 2577 1792 2602 ex-

143 2641 278 2677 presse
296 2640 374 2664 non
391 2632 560 2671 constet,
581 2639 667 2662 eam
685 2631 817 2662 tamen
841 2625 1042 2673 Compluti
1067 2625 1198 2661 datam
1222 2625 1434 2671 credimus,
1461 2637 1510 2661 ex
1534 2625 1644 2662 hisce
1668 2625 1792 2673 ipsius

143 2689 333 2736 epistolae
351 2688 496 2723 verbis:
519 2687 576 2721 «Y
592 2697 688 2733 pues
702 2685 887 2721 viniendo
903 2686 938 2721 el
954 2686 998 2720 P.
1016 2685 1144 2720 Araoz
1158 2687 1287 2733 aqui.»
1303 2685 1379 2721 Per
1393 2686 1493 2720 113116
1507 2690 1639 2720 autem
1654 2695 1791 2720 vocem

142 2750 240 2795 aqui
257 2746 415 2784 nonnisi
432 2747 685 2793 Complutum
702 2744 872 2791 intelligi
890 2749 1035 2792 potest,
1055 2744 1123 2780 ubi
1142 2745 1186 2780 P.
1206 2743 1330 2780 Nadal
1355 2745 1454 2780 11366
1478 2744 1607 2780 01111113
1630 2744 1792 2790 negotia

143 2819 234 2844 cum
256 2808 300 2843 P.
328 2808 468 2850 Araoz,
492 2805 725 2851 Ruigomez,
751 2809 792 2839 et
816 2803 924 2849 aliis,
949 2803 1153 2839 mensibus
1183 2802 1364 2850 Octobri,
1395 2809 1435 2839 et
1466 2802 1683 2839 Novembri
1707 2815 1794 2851 per-

144 2867 341 2904 tractavit.
368 2865 469 2901 Vide
494 2864 609 2911 infra,
633 2863 749 2910 epist.
778 2863 860 2908 156,
886 2862 1050 2898 Natalis
1073 2862 1304 2915 Ephemer„
1325 2867 1366 2898 et
1384 2862 1500 2910 epist.
1527 2862 1722 2909 Jimenez,
1749 2861 1795 2898 23

147 2928 263 2962 Febr.
288 2925 381 2963 anni
410 2924 500 2969 1562
524 2923 669 2959 datam.
697 2922 742 2957 In
772 2921 944 2957 secunda
970 2920 1113 2968 pagina
1142 2921 1259 2968 hujus
1287 2921 1371 2957 folii
1395 2927 1505 2957 extat
1528 2923 1794 2969 apographum

149 2985 340 3033 epistolae
358 2984 407 3021 ad
424 2985 467 3019 P.
489 2981 704 3019 Antonium
722 2980 772 3017 de
790 2980 972 3017 Cordoba
985 2981 1035 3015 ab
1048 2979 1134 3027 ipso
1148 2981 1253 3016 Dno.
1268 2980 1488 3027 Ruigomez
1502 2980 1618 3017 datae
1637 2980 1797 3027 Matriti,

150 3044 236 3082 sine
254 3044 319 3081 die
336 3055 465 3092 neque
483 3052 640 3087 mense;
660 3039 917 3089 probabiliter
940 3045 1072 3076 autem
1095 3051 1232 3076 mense
1251 3039 1417 3078 Octobri
1436 3040 1526 3076 data
1549 3040 1639 3088 fuit,
1661 3045 1704 3076 ut
1721 3041 1800 3077 col-

294 3116 411 3144 Emsr.
432 3114 467 3143 P.
489 3103 625 3147 N'Amr,
645 3119 722 3141 ion.
742 3111 768 3142 1.
1541 3112 1579 3140 35
