2028 3484
780 268 804 304 6
830 266 1080 305 Novi-:ussnzs
1115 268 1208 314 1560
1745 245 1834 316 359⁵

167 369 291 428 fesso
311 368 516 415 eiusdem
536 368 795 423 Societatis,
819 383 873 413 ac
889 369 1022 414 nobis
1037 370 1257 427 deputato
1272 353 1542 424 Assistentfi
1559 371 1753 416 salutem
1769 369 1818 414 in

168 445 367 490 Domino
387 445 724 503 sempiternam.
750 447 870 491 Cum
887 445 966 490 diu
987 447 1274 504 multumque
1295 448 1486 505 probata
1501 447 1634 492 nobis
1649 454 1695 494 et
1710 462 1819 505 per-

168 529 326 580 specta
346 522 406 567 sit
425 522 547 568 vitae
568 529 674 569 tuae
694 522 951 581 integritas,
971 523 1178 568 doctrina
1193 530 1240 570 et
1257 524 1304 568 in
1320 525 1458 569 rebus
1474 524 1689 582 gerendis
1706 538 1817 582 pru-

167 599 346 654 denda,
381 614 499 657 quae
525 607 597 646 est
623 599 671 645 in
697 600 882 646 Christo
902 602 1038 660 Jesu,
1068 615 1268 658 cumque
1294 602 1439 645 multa
1465 608 1511 647 et
1538 601 1695 659 magni
1716 615 1815 646 mo·

168 767 339 814 ligenter
351 767 465 804 M.t⁸⁸
477 767 560 804 Tua
578 779 650 815 per
666 761 801 804 literas
819 773 860 804 et
872 772 1048 804 oratores
1060 778 1167 816 suos,
1180 779 1245 804 res
1263 766 1475 804 Societatis
1492 767 1583 803 Iesu
1597 768 1817 815 appellatae

167 826 282 863 nobis
299 827 648 864 commendauerit.
666 827 805 875 Itaque
827 827 1148 874 intelligebamus
1170 827 1267 864 nihil
1285 838 1451 864 necesse
1468 838 1558 863 esse
1577 838 1644 863 eas
1662 838 1685 862 a
1701 827 1817 863 nobis

164 885 242 934 ipsi
257 887 330 923 hoc
347 891 523 935 tempore
539 886 818 924 commendari.
838 886 919 923 Sed
935 892 1068 924 tamen
1084 887 1177 936 quia
1193 887 1374 924 Societas
1387 888 1500 935 haec,
1517 886 1622 923 sicut
1639 886 1724 934 ipsa
1737 886 1815 923 sin-

163 945 293 992 gulari
308 946 478 995 quodam
494 951 588 983 uoto
604 946 690 983 sedi
707 946 947 994 apostolicae
964 958 1008 983 se
1026 946 1253 984 obstrinxit:
1274 947 1329 983 ita
1346 945 1492 983 eximia
1508 957 1664 994 quoque
1682 957 1775 982 eura
1792 957 1815 981 a

163 1005 293 1053 nobis,
310 1011 353 1042 et
368 1007 419 1042 ab
434 1007 508 1043 hac
524 1006 620 1042 sede
637 1006 785 1043 tuenda
801 1011 877 1043 est:
897 1006 1112 1054 praeterire
1130 1018 1210 1043 non
1227 1017 1452 1055 possumus,
1470 1006 1566 1054 quin
1580 1011 1621 1042 et
1633 1017 1697 1041 res
1712 1004 1815 1041 eius-

161 1065 255 1102 dem
271 1065 499 1113 societatis,
517 1078 617 1114 quae
635 1071 728 1103 sunt
743 1066 785 1103 in
801 1066 936 1113 regnis
954 1067 1046 1103 tuis:
1072 1072 1114 1104 et
1135 1066 1325 1104 dilectum
1342 1067 1448 1103 hunc
1469 1066 1594 1102 filium
1618 1065 1815 1112 Hierony·

162 1134 271 1162 mum
299 1126 482 1163 Natalem
510 1137 645 1163 sacrae
675 1126 898 1173 theologiae
928 1126 1176 1175 magistrum,
1205 1127 1329 1175 ipsius
1359 1126 1507 1163 ordinis
1531 1125 1810 1174 professorem:

163 1185 250 1221 M.ti
274 1186 384 1222 Tuae
396 1186 730 1222 commendemus.
749 1187 788 1222 Is
805 1187 909 1223 istuc
922 1186 1046 1223 missu
1058 1186 1273 1234 praepositi
1284 1187 1483 1233 generalis
1501 1185 1563 1222 sui
1580 1184 1692 1221 uenit
1708 1195 1812 1221 com-

163 1243 353 1292 missarii,
377 1250 418 1282 et
439 1244 655 1282 uisitatoris
678 1246 807 1282 officio
829 1245 1036 1282 functurus
1059 1246 1234 1283 omnium
1256 1246 1514 1292 collegiorum
1537 1249 1579 1281 et
1607 1244 1812 1280 domorum

162 1303 249 1341 eius
259 1303 492 1341 Societatis:
509 1316 611 1353 quae
627 1305 669 1341 in
686 1304 773 1341 istis
797 1305 1014 1353 Hispaniae
1030 1306 1166 1353 regnis
1182 1311 1224 1343 et
1239 1305 1448 1354 quibusuis
1471 1305 1558 1342 aliis
1581 1304 1679 1342 locis
1703 1309 1810 1340 sunt:

161 1363 212 1400 ad
228 1365 303 1400 hoc
319 1375 461 1401 munus
478 1364 703 1401 obeundum
720 1364 899 1401 delectus
916 1370 1076 1414 propter
1092 1365 1289 1413 insignem
1305 1365 1430 1413 ipsius
1452 1365 1689 1413 probitatem
1700 1393 1710 1411 ‚
1727 1362 1817 1400 reli-

159 1424 336 1472 gionem,
355 1435 402 1461 ac
417 1423 649 1461 doctrinam.
670 1425 938 1472 Quamobrem
956 1425 1084 1461 M‚tem
1099 1426 1226 1462 Tuam
1243 1435 1448 1472 rogamus3
1474 1430 1518 1464 ut
1541 1430 1583 1461 et
1604 1425 1710 1460 hunc
1735 1423 1813 1459 Dei

157 1483 348 1520 famulum
364 1483 682 1521 commendatum
698 1484 776 1522 sibi
793 1497 816 1521 a
832 1485 947 1522 nobis
964 1486 1123 1533 habeat,
1137 1491 1178 1522 et
1194 1485 1244 1522 ad
1266 1485 1455 1531 studium,
1473 1496 1552 1533 quo
1569 1483 1812 1521 Societatem

157 1544 258 1580 hanc
275 1549 433 1592 propter
450 1545 711 1581 excellentem
728 1543 815 1582 eius
833 1544 874 1581 in
890 1545 1060 1582 eeclesia
1076 1545 1154 1591 Dei
1170 1557 1330 1593 operam
1347 1557 1419 1582 sua
1440 1549 1583 1593 sponte
1606 1543 1812 1591 complexa

156 1608 231 1640 est:
248 1609 400 1640 tantum
413 1603 558 1640 addere
570 1604 682 1641 uelit:
697 1609 886 1652 quantum
900 1616 970 1653 pro
982 1604 1098 1641 huius
1116 1610 1277 1642 sanctae
1295 1604 1402 1641 sedis
1414 1603 1639 1641 reuerentia
1658 1602 1812 1639 additu-

154 1675 238 1700 ram
255 1675 344 1700 esse
361 1656 607 1700 confidimus:
629 1669 673 1700 ut
689 1664 813 1712 ipsius
837 1664 1086 1711 auctoritate,
1105 1670 1147 1701 et
1163 1664 1299 1702 fauore
1316 1665 1427 1712 regio
1444 1676 1508 1701 res
1532 1664 1618 1700 eius
1636 1662 1812 1699 Societa-

155 1722 207 1759 tis
224 1735 341 1771 quam
357 1723 675 1760 commodissime
692 1725 742 1760 ab
760 1724 901 1760 eodem
917 1725 1188 1761 commissario
1204 1724 1351 1773 ubique
1368 1724 1410 1761 in
1427 1724 1561 1771 regnis
1578 1723 1703 1771 ipsius
1720 1734 1811 1759 con-

154 1782 282 1830 stitui,
301 1789 341 1819 et
357 1782 539 1831 componi
555 1783 722 1831 possint:
749 1795 828 1821 non
851 1784 966 1821 nobis
989 1789 1143 1821 tantum
1160 1784 1202 1821 in
1225 1796 1294 1830 eo,
1319 1784 1391 1821 sed
1412 1795 1626 1831 regnorum
1649 1793 1809 1819 suorum

153 1843 304 1879 auctori
333 1844 421 1879 Deo
442 1848 599 1890 gratum
622 1843 832 1880 admodum
856 1843 1020 1881 factura.
1045 1845 1192 1881 Datum
1214 1845 1364 1881 Romae
1393 1843 1497 1892 apud
1521 1844 1710 1895 Sanctum
1735 1842 1808 1878 Pe-

155 1907 273 1947 trum,
288 1907 366 1938 etc.
385 1902 450 1938 die
467 1914 521 1938 xv
538 1902 790 1939 Nouembris.
813 1903 918 1949 1560.
939 1903 1056 1940 Anno
1068 1904 1137 1940 P.⁰
1150 1916 1170 1938 »

228 1962 287 1998 Ex
311 1961 415 2005 cod.,
439 1962 505 1998 cui
527 1962 665 1999 titulus
688 1963 843 1999 Brevia
865 1966 903 1999 et
928 1964 1142 2012 Rescripta
1170 1964 1461 2011 antiquissima
1484 1966 1565 2011 pro
1596 1963 1805 1999 Societate.

154 2021 380 2068 1539-1587,
399 2021 468 2059 fol.
487 2030 534 2068 59
550 2021 973 2071 (88).—Apographum
990 2023 1077 2060 sine
1094 2023 1385 2072 subscriptione
1402 2034 1477 2060 nec
1494 2023 1638 2069 sigillo.

651 2141 834 2179 «Comma
853 2146 966 2191 para
990 2145 1105 2180 todas
1124 2146 1305 2191 partes»

225 2224 501 2310 —niis—Muy
515 2262 630 2298 R.d⁰⁸
642 2274 693 2299 en
710 2262 811 2310 Xpo.
830 2262 992 2298 Padres:
1014 2262 1182 2310 Aunque
1199 2267 1362 2299 nuestro
1379 2262 1505 2299 Padre
1524 2262 1724 2310 preposito
1737 2273 1805 2308 ge-

155 2321 264 2357 neral
282 2321 436 2357 tuuiera
449 2333 520 2369 por
532 2334 626 2369 muy
639 2322 734 2358 bien
747 2322 952 2370 empleado
966 2323 1003 2359 el
1017 2322 1166 2371 tiempo
1180 2335 1231 2359 en
1244 2322 1382 2359 visitar
1395 2334 1466 2371 por
1479 2324 1513 2358 si
1527 2333 1677 2358 mesmo
1691 2322 1804 2358 todas

154 2381 212 2416 las
229 2381 450 2428 prouincias
467 2382 516 2418 de
534 2383 571 2418 la
588 2382 819 2430 Compar‘sta,
838 2394 908 2430 por
932 2383 969 2418 lo
993 2394 1071 2430 que
1093 2388 1274 2430 ymporta
1290 2394 1368 2430 que
1391 2383 1428 2418 el
1453 2387 1586 2430 pastor
1609 2385 1804 2430 agnoscat

154 2440 319 2476 uultum
327 2442 486 2488 pecoris
496 2443 575 2484 sui,
590 2454 701 2490 yque
715 2454 790 2478 uea
802 2443 837 2478 el
854 2442 970 2478 modo
983 2442 1033 2478 de
1048 2442 1237 2490 proceder
1249 2454 1326 2490 que
1340 2454 1390 2478 en
1402 2442 1515 2478 todas
1529 2446 1660 2489 partes
1675 2453 1718 2477 se
1733 2442 1805 2477 tie-

154 2510 220 2545 ne,
237 2511 330 2547 para
345 2512 422 2548 que
439 2512 514 2537 con
531 2501 792 2537 uniformidad
814 2513 842 2548 y
859 2504 986 2548 segun
1004 2502 1040 2537 el
1059 2501 1240 2538 instituto
1263 2507 1426 2538 nuestro
1443 2502 1550 2537 idem
1575 2502 1801 2549 sapiamus,

155 2559 261 2595 idem
279 2560 464 2596 dicamus
481 2572 630 2603 omnes,
649 2573 676 2608 y
694 2561 868 2597 tambien
882 2562 939 2598 las
957 2562 1087 2607 reglas
1105 2573 1148 2597 se
1162 2561 1401 2597 aceomoden
1418 2572 1468 2597 en
1486 2560 1598 2596 todas
1616 2565 1747 2607 partes
1767 2562 1802 2597 al

153 2629 225 2654 uso
238 2619 501 2656 conueniente
517 2620 567 2656 de
584 2620 681 2656 cada
697 2632 789 2667 una,
808 2633 835 2668 y
847 2621 1075 2657 finalmente
1088 2632 1182 2670 para
1198 2633 1276 2669 que
1294 2633 1344 2657 en
1361 2622 1400 2657 lo
1413 2632 1489 2668 que
1505 2626 1592 2656 toea
1606 2621 1641 2655 al
1656 2631 1803 2668 cuerpo

153 2677 350 2714 uniuersal
368 2678 417 2715 de
435 2680 471 2715 la
488 2678 704 2727 Compafiia
721 2692 748 2727 y
766 2681 802 2716 al
820 2681 1029 2728 particular
1046 2679 1095 2716 de
1119 2680 1216 2716 cada
1238 2692 1329 2716 casa
1351 2692 1378 2727 y
1401 2679 1570 2726 collegio
1595 2691 1638 2715 se
1656 2691 1804 2726 prouea

149 2737 201 2773 de
215 2738 254 2772 lo
266 2750 343 2785 que
356 2739 564 2785 conuiene,
579 2739 614 2775 si
627 2741 771 2786 alguna
783 2751 876 2776 cosa
890 2740 1028 2776 ubiese
1046 2751 1122 2787 que
1136 2750 1317 2788 proueer3
1336 2739 1495 2776 todauia
1513 2751 1582 2786 por
1599 2750 1737 2775 causas
1751 2740 1808 2786 de>

153 2798 294 2833 mucho
310 2809 407 2845 peso
424 2810 475 2834 no
493 2798 622 2846 puede
638 2800 757 2836 hazer
772 2811 843 2847 por
860 2801 894 2836 si
911 2811 1061 2836 mesmo
1075 2805 1161 2836 esta
1174 2800 1487 2848 peregrinaci6n‚
1502 2811 1528 2846 y
1543 2801 1599 2834 asi
1614 2789 1657 2834 se
1671 2800 1721 2835 ha
1734 2799 1801 2836 de-

152 2855 372 2893 terminado
385 2856 434 2894 de
452 2858 602 2894 embiar
619 2859 654 2895 a]
673 2859 717 2894 P.
737 2859 813 2894 M.⁰
833 2858 972 2904 Nadal,
991 2859 1203 2896 assistente
1226 2859 1424 2907 deputado
1442 2871 1511 2906 por
1528 2860 1565 2894 la
1583 2858 1799 2907 Compafiia

148 2915 322 2963 (aunque
339 2928 406 2952 era
426 2917 539 2953 harto
560 2918 785 2954 necessario
808 2930 878 2966 por
901 2921 992 2963 aea)
1015 2930 1108 2966 para
1130 2919 1248 2955 hazer
1270 2925 1356 2955 este
1374 2919 1524 2966 officio,
1549 2930 1698 2966 porque
1723 2930 1799 2955 con

150 2975 291 3012 mucha
306 2979 425 3013 razon
442 2977 571 3024 puede
589 2982 702 3014 tener
717 2978 918 3014 confianza
939 2990 1017 3026 que
1035 2978 1216 3015 satisfara
1241 2991 1335 3026 muy
1360 2979 1453 3015 bien
1471 2981 1493 3014 a
1519 2980 1573 3014 tal
1600 2984 1798 3026 assumto,

150 3046 221 3082 por
237 3035 275 3071 la
292 3037 432 3072 mucha
449 3036 683 3084 expirientia
699 3049 727 3085 y
744 3038 892 3085 pratica
908 3050 985 3086 que
1003 3038 1111 3075 tiene
1124 3038 1226 3075 dela
1239 3039 1455 3086 Compafn'a
1469 3050 1495 3085 y
1510 3038 1624 3074 modo
1643 3038 1692 3074 de
1711 3050 1798 3086 pro-

146 3093 268 3132 cedet
284 3094 389 3133 della
406 3096 522 3133 sobre
540 3097 576 3134 el
594 3096 850 3134 fundamento
867 3098 918 3134 de
936 3099 1078 3134 mucha
1093 3098 1241 3146 virtud,
1259 3101 1378 3136 letras
1395 3110 1422 3145 y
1440 3097 1647 3145 prudentia
1665 3110 1741 3146 que
1760 3100 1798 3135 le
