<?xml version="1.0" encoding="UTF-8"?>
<!DOCTYPE html PUBLIC "-//W3C//DTD XHTML 1.0 Transitional//EN"
    "http://www.w3.org/TR/xhtml1/DTD/xhtml1-transitional.dtd">
<html xmlns="http://www.w3.org/1999/xhtml" xml:lang="en" lang="en">
 <head>
  <title>
</title>
<meta http-equiv="Content-Type" content="text/html;charset=utf-8" />
  <meta name='ocr-system' content='tesseract 3.04.00' />
  <meta name='ocr-capabilities' content='ocr_page ocr_carea ocr_par ocr_line ocrx_word'/>
</head>
<body>
  <div class='ocr_page' id='page_1' title='image "./epistolaephieron01nadauoft_0091.png"; bbox 0 0 2066 3490; ppageno 0'>
   <div class='ocr_carea' id='block_1_1' title="bbox 901 277 1833 323">
    <p class='ocr_par' dir='ltr' id='par_1_1' title="bbox 901 277 1833 323">
     <span class='ocr_line' id='line_1_1' title="bbox 901 277 1833 323; baseline 0.002 0"><span class='ocrx_word' id='word_1_1' title='bbox 901 277 1106 323; x_wconf 82' lang='lat'>1545-1546</span> <span class='ocrx_word' id='word_1_2' title='bbox 1784 278 1833 315; x_wconf 80' lang='lat'>13</span> 
     </span>
    </p>
   </div>
   <div class='ocr_carea' id='block_1_2' title="bbox 175 378 1837 825">
    <p class='ocr_par' dir='ltr' id='par_1_2' title="bbox 175 378 1835 656">
     <span class='ocr_line' id='line_1_2' title="bbox 267 378 1833 438; baseline -0.001 -13"><span class='ocrx_word' id='word_1_3' title='bbox 267 394 339 437; x_wconf 87' lang='lat'>34.</span> <span class='ocrx_word' id='word_1_4' title='bbox 405 382 513 438; x_wconf 78' lang='lat' dir='ltr'>Quo</span> <span class='ocrx_word' id='word_1_5' title='bbox 539 379 615 424; x_wconf 90' lang='lat' dir='ltr'>die</span> <span class='ocrx_word' id='word_1_6' title='bbox 642 386 873 437; x_wconf 88' lang='lat' dir='ltr'>postremo</span> <span class='ocrx_word' id='word_1_7' title='bbox 900 378 1008 423; x_wconf 90' lang='lat' dir='ltr'>veni</span> <span class='ocrx_word' id='word_1_8' title='bbox 1036 379 1095 422; x_wconf 92' lang='lat' dir='ltr'>ad</span> <span class='ocrx_word' id='word_1_9' title='bbox 1123 380 1314 422; x_wconf 88' lang='lat' dir='ltr'>chorum</span> <span class='ocrx_word' id='word_1_10' title='bbox 1327 412 1338 432; x_wconf 94' lang='lat'>,</span> <span class='ocrx_word' id='word_1_11' title='bbox 1363 378 1588 423; x_wconf 86' lang='lat' dir='ltr'>inchoatis</span> <span class='ocrx_word' id='word_1_12' title='bbox 1615 380 1833 423; x_wconf 86' lang='lat' dir='ltr'>solemni--</span> 
     </span>
     <span class='ocr_line' id='line_1_3' title="bbox 175 455 1825 515; baseline -0.001 -13"><span class='ocrx_word' id='word_1_13' title='bbox 175 459 263 502; x_wconf 93' lang='lat' dir='ltr'>bus</span> <span class='ocrx_word' id='word_1_14' title='bbox 290 457 516 515; x_wconf 82' lang='lat' dir='ltr'><strong>vesperis,</strong></span> <span class='ocrx_word' id='word_1_15' title='bbox 545 457 702 501; x_wconf 86' lang='lat' dir='ltr'>nullus</span> <span class='ocrx_word' id='word_1_16' title='bbox 728 457 864 514; x_wconf 91' lang='lat' dir='ltr'>plane</span> <span class='ocrx_word' id='word_1_17' title='bbox 891 455 1004 499; x_wconf 90' lang='lat' dir='ltr'>mihi</span> <span class='ocrx_word' id='word_1_18' title='bbox 1030 455 1181 512; x_wconf 92' lang='lat' dir='ltr'>patuit</span> <span class='ocrx_word' id='word_1_19' title='bbox 1208 455 1368 514; x_wconf 92' lang='lat' dir='ltr'>[locus]</span> <span class='ocrx_word' id='word_1_20' title='bbox 1397 455 1446 499; x_wconf 92' lang='lat' dir='ltr'>in</span> <span class='ocrx_word' id='word_1_21' title='bbox 1476 470 1691 513; x_wconf 92' lang='lat' dir='ltr'>supremo</span> <span class='ocrx_word' id='word_1_22' title='bbox 1717 470 1825 500; x_wconf 91' lang='lat' dir='ltr'>con—</span> 
     </span>
     <span class='ocr_line' id='line_1_4' title="bbox 176 531 1835 592; baseline -0.002 -13"><span class='ocrx_word' id='word_1_23' title='bbox 176 549 324 589; x_wconf 90' lang='lat' dir='ltr'>sessu,</span> <span class='ocrx_word' id='word_1_24' title='bbox 358 534 447 579; x_wconf 90' lang='lat' dir='ltr'>nisi</span> <span class='ocrx_word' id='word_1_25' title='bbox 479 549 617 592; x_wconf 91' lang='lat' dir='ltr'>quem</span> <span class='ocrx_word' id='word_1_26' title='bbox 648 532 853 578; x_wconf 89' lang='lat' dir='ltr'>deseruit</span> <span class='ocrx_word' id='word_1_27' title='bbox 885 548 1006 577; x_wconf 87' lang='lat' dir='ltr'>vnus</span> <span class='ocrx_word' id='word_1_28' title='bbox 1037 547 1095 577; x_wconf 86' lang='lat' dir='ltr'>ex</span> <span class='ocrx_word' id='word_1_29' title='bbox 1126 531 1420 576; x_wconf 85' lang='lat' dir='ltr'>inferioribus</span> <span class='ocrx_word' id='word_1_30' title='bbox 1448 532 1726 590; x_wconf 90' lang='lat' dir='ltr'>presbyteris</span> <span class='ocrx_word' id='word_1_31' title='bbox 1759 535 1835 576; x_wconf 68' lang='lat' dir='ltr'>vl-</span> 
     </span>
     <span class='ocr_line' id='line_1_5' title="bbox 178 612 398 656; baseline 0 0"><span class='ocrx_word' id='word_1_32' title='bbox 178 612 340 656; x_wconf 87' lang='lat' dir='ltr'>timum</span> <span class='ocrx_word' id='word_1_33' title='bbox 368 614 398 656; x_wconf 90' lang='lat'>¹.</span> 
     </span>
    </p>

    <p class='ocr_par' dir='ltr' id='par_1_3' title="bbox 177 687 1837 825">
     <span class='ocr_line' id='line_1_6' title="bbox 269 687 1837 747; baseline -0.003 -13"><span class='ocrx_word' id='word_1_34' title='bbox 269 700 342 746; x_wconf 87' lang='lat'>35.</span> <span class='ocrx_word' id='word_1_35' title='bbox 407 689 642 747; x_wconf 86' lang='lat' dir='ltr'>Nauigaui</span> <span class='ocrx_word' id='word_1_36' title='bbox 665 689 1002 734; x_wconf 90' lang='lat' dir='ltr'>Barchinonam</span> <span class='ocrx_word' id='word_1_37' title='bbox 1025 689 1168 743; x_wconf 89' lang='lat' dir='ltr'>solus,</span> <span class='ocrx_word' id='word_1_38' title='bbox 1192 687 1353 732; x_wconf 90' lang='lat' dir='ltr'>relicta</span> <span class='ocrx_word' id='word_1_39' title='bbox 1374 702 1486 731; x_wconf 94' lang='lat' dir='ltr'>cura</span> <span class='ocrx_word' id='word_1_40' title='bbox 1506 687 1572 731; x_wconf 92' lang='lat' dir='ltr'>rei</span> <span class='ocrx_word' id='word_1_41' title='bbox 1599 687 1837 732; x_wconf 81' lang='lat' dir='ltr'>familiaris</span> 
     </span>
     <span class='ocr_line' id='line_1_7' title="bbox 177 765 1227 825; baseline -0.003 -14"><span class='ocrx_word' id='word_1_42' title='bbox 177 768 414 825; x_wconf 91' lang='lat' dir='ltr'>Stephano</span> <span class='ocrx_word' id='word_1_43' title='bbox 437 766 564 811; x_wconf 85' lang='lat' dir='ltr'>fratri</span> <span class='ocrx_word' id='word_1_44' title='bbox 585 768 673 810; x_wconf 90' lang='lat' dir='ltr'>sub</span> <span class='ocrx_word' id='word_1_45' title='bbox 694 781 805 810; x_wconf 91' lang='lat' dir='ltr'>cura</span> <span class='ocrx_word' id='word_1_46' title='bbox 826 765 1045 810; x_wconf 90' lang='lat' dir='ltr'>auunculi</span> <span class='ocrx_word' id='word_1_47' title='bbox 1066 765 1227 810; x_wconf 92' lang='lat' dir='ltr'>Morei.</span> 
     </span>
    </p>
   </div>
   <div class='ocr_carea' id='block_1_3' title="bbox 922 962 1077 1001">
    <p class='ocr_par' dir='ltr' id='par_1_4' title="bbox 922 962 1077 1001">
     <span class='ocr_line' id='line_1_8' title="bbox 922 962 1077 1001; baseline -0.006 -2"><span class='ocrx_word' id='word_1_48' title='bbox 922 962 1077 1001; x_wconf 92' lang='lat' dir='ltr'><strong>ROMA</strong></span> 
     </span>
    </p>
   </div>
   <div class='ocr_carea' id='block_1_4' title="bbox 862 1095 1141 1131">
    <p class='ocr_par' dir='ltr' id='par_1_5' title="bbox 862 1095 1141 1131">
     <span class='ocr_line' id='line_1_9' title="bbox 862 1095 1141 1131; baseline 0.004 -2"><span class='ocrx_word' id='word_1_49' title='bbox 862 1102 1001 1131; x_wconf 72' lang='lat' dir='ltr'>mnus</span> <span class='ocrx_word' id='word_1_50' title='bbox 1027 1095 1141 1130; x_wconf 80' lang='lat'>1545</span> 
     </span>
    </p>
   </div>
   <div class='ocr_carea' id='block_1_5' title="bbox 177 1231 1839 2142">
    <p class='ocr_par' dir='ltr' id='par_1_6' title="bbox 177 1231 1836 1446">
     <span class='ocr_line' id='line_1_10' title="bbox 193 1231 1836 1291; baseline -0.001 -13"><span class='ocrx_word' id='word_1_51' title='bbox 193 1286 197 1290; x_wconf 23' lang='lat'>⁵</span> <span class='ocrx_word' id='word_1_52' title='bbox 271 1235 342 1290; x_wconf 88' lang='lat'>36.</span> <span class='ocrx_word' id='word_1_53' title='bbox 410 1233 643 1291; x_wconf 88' lang='lat' dir='ltr'>Nauigaui</span> <span class='ocrx_word' id='word_1_54' title='bbox 668 1246 693 1277; x_wconf 90' lang='lat'><strong>2</strong></span> <span class='ocrx_word' id='word_1_55' title='bbox 717 1233 819 1277; x_wconf 91' lang='lat' dir='ltr'>Iulii</span> <span class='ocrx_word' id='word_1_56' title='bbox 841 1232 949 1276; x_wconf 91' lang='lat' dir='ltr'>anni</span> <span class='ocrx_word' id='word_1_57' title='bbox 988 1243 1098 1288; x_wconf 89' lang='lat'>1545</span> <span class='ocrx_word' id='word_1_58' title='bbox 1119 1231 1455 1276; x_wconf 90' lang='lat' dir='ltr'>Barchinonam</span> <span class='ocrx_word' id='word_1_59' title='bbox 1474 1233 1490 1254; x_wconf 76' lang='lat'>²</span> <span class='ocrx_word' id='word_1_60' title='bbox 1513 1233 1655 1276; x_wconf 89' lang='lat' dir='ltr'>solus.</span> <span class='ocrx_word' id='word_1_61' title='bbox 1681 1234 1836 1290; x_wconf 89' lang='lat' dir='ltr'>Expe—</span> 
     </span>
     <span class='ocr_line' id='line_1_11' title="bbox 177 1309 1834 1365; baseline -0.002 -9"><span class='ocrx_word' id='word_1_62' title='bbox 177 1311 302 1356; x_wconf 90' lang='lat' dir='ltr'>ctaui</span> <span class='ocrx_word' id='word_1_63' title='bbox 325 1313 383 1355; x_wconf 88' lang='lat' dir='ltr'>ad</span> <span class='ocrx_word' id='word_1_64' title='bbox 405 1312 711 1357; x_wconf 89' lang='lat' dir='ltr'>Settembrem</span> <span class='ocrx_word' id='word_1_65' title='bbox 735 1310 884 1355; x_wconf 90' lang='lat' dir='ltr'>socios</span> <span class='ocrx_word' id='word_1_66' title='bbox 903 1309 1101 1353; x_wconf 88' lang='lat' dir='ltr'>itineris:</span> <span class='ocrx_word' id='word_1_67' title='bbox 1127 1309 1295 1353; x_wconf 91' lang='lat' dir='ltr'>deueni</span> <span class='ocrx_word' id='word_1_68' title='bbox 1312 1311 1502 1354; x_wconf 86' lang='lat' dir='ltr'>Romam</span> <span class='ocrx_word' id='word_1_69' title='bbox 1526 1323 1579 1354; x_wconf 87' lang='lat'>10</span> <span class='ocrx_word' id='word_1_70' title='bbox 1595 1309 1834 1365; x_wconf 89' lang='lat' dir='ltr'>Octobris,</span> 
     </span>
     <span class='ocr_line' id='line_1_12' title="bbox 178 1386 1198 1446; baseline -0.003 -13"><span class='ocrx_word' id='word_1_71' title='bbox 178 1403 271 1446; x_wconf 93' lang='lat' dir='ltr'>quo</span> <span class='ocrx_word' id='word_1_72' title='bbox 292 1389 367 1433; x_wconf 92' lang='lat' dir='ltr'>die</span> <span class='ocrx_word' id='word_1_73' title='bbox 387 1389 706 1432; x_wconf 81' lang='lat' dir='ltr'>celebrabatur</span> <span class='ocrx_word' id='word_1_74' title='bbox 726 1387 962 1432; x_wconf 90' lang='lat' dir='ltr'>coronatio</span> <span class='ocrx_word' id='word_1_75' title='bbox 986 1386 1118 1431; x_wconf 91' lang='lat' dir='ltr'>Pauli</span> <span class='ocrx_word' id='word_1_76' title='bbox 1141 1386 1198 1443; x_wconf 73' lang='lat'>31.</span> 
     </span>
    </p>

    <p class='ocr_par' dir='ltr' id='par_1_7' title="bbox 177 1463 1839 1820">
     <span class='ocr_line' id='line_1_13' title="bbox 270 1463 1836 1522; baseline -0.001 -13"><span class='ocrx_word' id='word_1_77' title='bbox 270 1478 342 1522; x_wconf 89' lang='lat'>37.</span> <span class='ocrx_word' id='word_1_78' title='bbox 409 1467 552 1510; x_wconf 89' lang='lat' dir='ltr'>Recta</span> <span class='ocrx_word' id='word_1_79' title='bbox 572 1473 623 1508; x_wconf 92' lang='lat' dir='ltr'>vt</span> <span class='ocrx_word' id='word_1_80' title='bbox 645 1479 911 1521; x_wconf 83' lang='lat' dir='ltr'>quaererem</span> <span class='ocrx_word' id='word_1_81' title='bbox 934 1464 1268 1520; x_wconf 89' lang='lat' dir='ltr'>Hieronymum</span> <span class='ocrx_word' id='word_1_82' title='bbox 1290 1463 1515 1508; x_wconf 90' lang='lat' dir='ltr'>Domenic</span> <span class='ocrx_word' id='word_1_83' title='bbox 1537 1465 1576 1508; x_wconf 77' lang='lat'>⁵:</span> <span class='ocrx_word' id='word_1_84' title='bbox 1600 1463 1677 1508; x_wconf 92' lang='lat' dir='ltr'>hic</span> <span class='ocrx_word' id='word_1_85' title='bbox 1704 1464 1836 1508; x_wconf 88' lang='lat' dir='ltr'>duxit</span> 
     </span>
     <span class='ocr_line' id='line_1_14' title="bbox 178 1541 1836 1601; baseline -0.001 -13"><span class='ocrx_word' id='word_1_86' title='bbox 178 1558 252 1588; x_wconf 91' lang='lat' dir='ltr'>me</span> <span class='ocrx_word' id='word_1_87' title='bbox 273 1545 332 1587; x_wconf 91' lang='lat' dir='ltr'>ad</span> <span class='ocrx_word' id='word_1_88' title='bbox 355 1546 409 1587; x_wconf 92' lang='lat' dir='ltr'>P.</span> <span class='ocrx_word' id='word_1_89' title='bbox 435 1542 682 1601; x_wconf 88' lang='lat' dir='ltr'>Ignatium,</span> <span class='ocrx_word' id='word_1_90' title='bbox 708 1543 787 1599; x_wconf 91' lang='lat' dir='ltr'>qui</span> <span class='ocrx_word' id='word_1_91' title='bbox 807 1543 1127 1586; x_wconf 88' lang='lat' dir='ltr'>reuertebatur</span> <span class='ocrx_word' id='word_1_92' title='bbox 1147 1556 1204 1585; x_wconf 87' lang='lat' dir='ltr'>ex</span> <span class='ocrx_word' id='word_1_93' title='bbox 1225 1541 1502 1586; x_wconf 90' lang='lat' dir='ltr'>monasterio</span> <span class='ocrx_word' id='word_1_94' title='bbox 1524 1543 1573 1587; x_wconf 92' lang='lat' dir='ltr'>S.</span> <span class='ocrx_word' id='word_1_95' title='bbox 1606 1543 1836 1595; x_wconf 87' lang='lat' dir='ltr'>Marthae,</span> 
     </span>
     <span class='ocr_line' id='line_1_15' title="bbox 179 1618 1839 1678; baseline -0.001 -13"><span class='ocrx_word' id='word_1_96' title='bbox 179 1620 254 1665; x_wconf 94' lang='lat' dir='ltr'>cui</span> <span class='ocrx_word' id='word_1_97' title='bbox 275 1620 390 1664; x_wconf 87' lang='lat' dir='ltr'>dixit</span> <span class='ocrx_word' id='word_1_98' title='bbox 411 1635 485 1665; x_wconf 94' lang='lat' dir='ltr'>me</span> <span class='ocrx_word' id='word_1_99' title='bbox 506 1620 649 1678; x_wconf 89' lang='lat' dir='ltr'>ipsius</span> <span class='ocrx_word' id='word_1_100' title='bbox 670 1619 818 1677; x_wconf 86' lang='lat' dir='ltr'>gratia</span> <span class='ocrx_word' id='word_1_101' title='bbox 837 1619 1037 1672; x_wconf 91' lang='lat' dir='ltr'>venisse,</span> <span class='ocrx_word' id='word_1_102' title='bbox 1061 1619 1184 1675; x_wconf 91' lang='lat' dir='ltr'>quod</span> <span class='ocrx_word' id='word_1_103' title='bbox 1205 1618 1316 1662; x_wconf 90' lang='lat' dir='ltr'>mihi</span> <span class='ocrx_word' id='word_1_104' title='bbox 1332 1618 1580 1676; x_wconf 89' lang='lat' dir='ltr'>displicuit,</span> <span class='ocrx_word' id='word_1_105' title='bbox 1600 1626 1647 1663; x_wconf 93' lang='lat' dir='ltr'>et</span> <span class='ocrx_word' id='word_1_106' title='bbox 1663 1619 1710 1662; x_wconf 92' lang='lat' dir='ltr'>id</span> <span class='ocrx_word' id='word_1_107' title='bbox 1726 1633 1839 1676; x_wconf 90' lang='lat' dir='ltr'>prae</span> 
     </span>
     <span class='ocr_line' id='line_1_16' title="bbox 177 1695 1838 1754; baseline -0.001 -13"><span class='ocrx_word' id='word_1_108' title='bbox 177 1713 252 1742; x_wconf 92' lang='lat' dir='ltr'>me</span> <span class='ocrx_word' id='word_1_109' title='bbox 274 1698 374 1742; x_wconf 91' lang='lat' dir='ltr'>tuli.</span> <span class='ocrx_word' id='word_1_110' title='bbox 401 1698 542 1743; x_wconf 91' lang='lat' dir='ltr'>Visus</span> <span class='ocrx_word' id='word_1_111' title='bbox 571 1698 658 1741; x_wconf 88' lang='lat' dir='ltr'>fuit</span> <span class='ocrx_word' id='word_1_112' title='bbox 684 1697 847 1742; x_wconf 91' lang='lat' dir='ltr'>leuiter</span> <span class='ocrx_word' id='word_1_113' title='bbox 874 1703 1026 1740; x_wconf 88' lang='lat' dir='ltr'>motus</span> <span class='ocrx_word' id='word_1_114' title='bbox 1054 1695 1284 1754; x_wconf 87' lang='lat' dir='ltr'>Ignatius:</span> <span class='ocrx_word' id='word_1_115' title='bbox 1320 1703 1497 1740; x_wconf 89' lang='lat' dir='ltr'>tantum</span> <span class='ocrx_word' id='word_1_116' title='bbox 1525 1696 1705 1754; x_wconf 92' lang='lat' dir='ltr'>optauit</span> <span class='ocrx_word' id='word_1_117' title='bbox 1732 1696 1838 1741; x_wconf 87' lang='lat' dir='ltr'>feli-</span> 
     </span>
     <span class='ocr_line' id='line_1_17' title="bbox 178 1777 567 1820; baseline -0.005 0"><span class='ocrx_word' id='word_1_118' title='bbox 178 1790 277 1820; x_wconf 87' lang='lat' dir='ltr'>cem</span> <span class='ocrx_word' id='word_1_119' title='bbox 300 1777 567 1819; x_wconf 89' lang='lat' dir='ltr'>aduentum.</span> 
     </span>
    </p>

    <p class='ocr_par' dir='ltr' id='par_1_8' title="bbox 177 1851 1839 2142">
     <span class='ocr_line' id='line_1_18' title="bbox 271 1851 1837 1909; baseline -0.001 -12"><span class='ocrx_word' id='word_1_120' title='bbox 271 1854 342 1909; x_wconf 85' lang='lat'>38.</span> <span class='ocrx_word' id='word_1_121' title='bbox 410 1852 664 1897; x_wconf 87' lang='lat' dir='ltr'>Confestim</span> <span class='ocrx_word' id='word_1_122' title='bbox 687 1851 763 1895; x_wconf 90' lang='lat' dir='ltr'>hic</span> <span class='ocrx_word' id='word_1_123' title='bbox 783 1853 934 1895; x_wconf 91' lang='lat' dir='ltr'>bonus</span> <span class='ocrx_word' id='word_1_124' title='bbox 956 1853 1094 1895; x_wconf 91' lang='lat' dir='ltr'>Pater</span> <span class='ocrx_word' id='word_1_125' title='bbox 1120 1853 1428 1906; x_wconf 90' lang='lat' dir='ltr'>Domenecus,</span> <span class='ocrx_word' id='word_1_126' title='bbox 1453 1851 1702 1908; x_wconf 86' lang='lat' dir='ltr'>assumptis</span> <span class='ocrx_word' id='word_1_127' title='bbox 1729 1853 1837 1896; x_wconf 85' lang='lat' dir='ltr'>An—</span> 
     </span>
     <span class='ocr_line' id='line_1_19' title="bbox 179 1928 1832 1987; baseline -0.001 -14"><span class='ocrx_word' id='word_1_128' title='bbox 179 1930 332 1983; x_wconf 87' lang='lat' dir='ltr'>toniis,</span> <span class='ocrx_word' id='word_1_129' title='bbox 364 1930 526 1985; x_wconf 91' lang='lat' dir='ltr'>Rione‚</span> <span class='ocrx_word' id='word_1_130' title='bbox 557 1937 604 1974; x_wconf 92' lang='lat' dir='ltr'>et</span> <span class='ocrx_word' id='word_1_131' title='bbox 632 1931 690 1974; x_wconf 93' lang='lat' dir='ltr'>de</span> <span class='ocrx_word' id='word_1_132' title='bbox 719 1930 817 1975; x_wconf 86' lang='lat' dir='ltr'>S.ta</span> <span class='ocrx_word' id='word_1_133' title='bbox 850 1930 1048 1981; x_wconf 90' lang='lat' dir='ltr'>Martha,</span> <span class='ocrx_word' id='word_1_134' title='bbox 1079 1943 1259 1972; x_wconf 91' lang='lat' dir='ltr'>mecum</span> <span class='ocrx_word' id='word_1_135' title='bbox 1288 1929 1346 1972; x_wconf 89' lang='lat' dir='ltr'>ad</span> <span class='ocrx_word' id='word_1_136' title='bbox 1373 1928 1622 1986; x_wconf 90' lang='lat' dir='ltr'>hospitium</span> <span class='ocrx_word' id='word_1_137' title='bbox 1653 1928 1832 1987; x_wconf 88' lang='lat' dir='ltr'>[venit],</span> 
     </span>
     <span class='ocr_line' id='line_1_20' title="bbox 178 2005 1839 2063; baseline -0.001 -12"><span class='ocrx_word' id='word_1_138' title='bbox 178 2015 229 2051; x_wconf 92' lang='lat' dir='ltr'>vt</span> <span class='ocrx_word' id='word_1_139' title='bbox 256 2009 430 2051; x_wconf 92' lang='lat' dir='ltr'>mulum</span> <span class='ocrx_word' id='word_1_140' title='bbox 460 2015 507 2051; x_wconf 91' lang='lat' dir='ltr'>et</span> <span class='ocrx_word' id='word_1_141' title='bbox 535 2006 827 2060; x_wconf 90' lang='lat' dir='ltr'>sarcinulam,</span> <span class='ocrx_word' id='word_1_142' title='bbox 859 2021 995 2062; x_wconf 90' lang='lat' dir='ltr'>quam</span> <span class='ocrx_word' id='word_1_143' title='bbox 1023 2005 1317 2061; x_wconf 89' lang='lat' dir='ltr'>reliqueram,</span> <span class='ocrx_word' id='word_1_144' title='bbox 1356 2006 1686 2063; x_wconf 84' lang='lat' dir='ltr'>reciperemus3</span> <span class='ocrx_word' id='word_1_145' title='bbox 1726 2005 1839 2050; x_wconf 87' lang='lat' dir='ltr'>inde</span> 
     </span>
     <span class='ocr_line' id='line_1_21' title="bbox 177 2083 1833 2142; baseline -0.001 -14"><span class='ocrx_word' id='word_1_146' title='bbox 177 2086 363 2129; x_wconf 92' lang='lat' dir='ltr'>domum</span> <span class='ocrx_word' id='word_1_147' title='bbox 403 2084 600 2142; x_wconf 90' lang='lat' dir='ltr'>Philippi</span> <span class='ocrx_word' id='word_1_148' title='bbox 638 2083 818 2129; x_wconf 88' lang='lat' dir='ltr'>Cassini</span> <span class='ocrx_word' id='word_1_149' title='bbox 846 2091 897 2127; x_wconf 92' lang='lat' dir='ltr'>vt</span> <span class='ocrx_word' id='word_1_150' title='bbox 922 2098 1019 2136; x_wconf 89' lang='lat' dir='ltr'>me,</span> <span class='ocrx_word' id='word_1_151' title='bbox 1051 2090 1295 2140; x_wconf 86' lang='lat' dir='ltr'>antequam</span> <span class='ocrx_word' id='word_1_152' title='bbox 1323 2084 1465 2128; x_wconf 90' lang='lat' dir='ltr'>solem</span> <span class='ocrx_word' id='word_1_153' title='bbox 1504 2085 1676 2128; x_wconf 90' lang='lat' dir='ltr'>Romae</span> <span class='ocrx_word' id='word_1_154' title='bbox 1701 2083 1833 2127; x_wconf 92' lang='lat' dir='ltr'>vide-</span> 
     </span>
    </p>
   </div>
   <div class='ocr_carea' id='block_1_6' title="bbox 185 2175 453 2179">
    <p class='ocr_par' dir='ltr' id='par_1_9' title="bbox 185 2175 453 2179">
     <span class='ocr_line' id='line_1_22' title="bbox 185 2175 453 2179; baseline 0 0"><span class='ocrx_word' id='word_1_155' title='bbox 185 2175 453 2179; x_wconf 95' lang='lat' dir='ltr'> </span> 
     </span>
    </p>
   </div>
   <div class='ocr_carea' id='block_1_7' title="bbox 149 2209 1837 3150">
    <p class='ocr_par' dir='ltr' id='par_1_10' title="bbox 149 2209 1835 2437">
     <span class='ocr_line' id='line_1_23' title="bbox 177 2209 1835 2258; baseline -0.001 -12"><span class='ocrx_word' id='word_1_156' title='bbox 177 2211 252 2247; x_wconf 95' lang='lat' dir='ltr'>hoc</span> <span class='ocrx_word' id='word_1_157' title='bbox 269 2210 385 2247; x_wconf 91' lang='lat' dir='ltr'>modo</span> <span class='ocrx_word' id='word_1_158' title='bbox 415 2210 668 2258; x_wconf 89' lang='lat' dir='ltr'>interpretari</span> <span class='ocrx_word' id='word_1_159' title='bbox 693 2210 822 2246; x_wconf 84' lang='lat' dir='ltr'>malit:</span> <span class='ocrx_word' id='word_1_160' title='bbox 850 2213 897 2245; x_wconf 83' lang='lat' dir='ltr'>ut</span> <span class='ocrx_word' id='word_1_161' title='bbox 916 2210 1095 2258; x_wconf 80' lang='lat' dir='ltr'>pecunia</span> <span class='ocrx_word' id='word_1_162' title='bbox 1115 2210 1391 2257; x_wconf 83' lang='lat' dir='ltr'>pecuniarum</span> <span class='ocrx_word' id='word_1_163' title='bbox 1417 2209 1490 2254; x_wconf 92' lang='lat' dir='ltr'>(sic</span> <span class='ocrx_word' id='word_1_164' title='bbox 1516 2210 1623 2245; x_wconf 91' lang='lat' dir='ltr'>enim</span> <span class='ocrx_word' id='word_1_165' title='bbox 1648 2209 1835 2251; x_wconf 62' lang='lat' dir='ltr'>fortasse,</span> 
     </span>
     <span class='ocr_line' id='line_1_24' title="bbox 177 2264 1835 2318; baseline -0.001 -12"><span class='ocrx_word' id='word_1_166' title='bbox 177 2272 302 2318; x_wconf 59' lang='lat' dir='ltr'>posffl</span> <span class='ocrx_word' id='word_1_167' title='bbox 318 2270 506 2318; x_wconf 91' lang='lat' dir='ltr'>appellari</span> <span class='ocrx_word' id='word_1_168' title='bbox 523 2271 721 2317; x_wconf 91' lang='lat' dir='ltr'>collybus)</span> <span class='ocrx_word' id='word_1_169' title='bbox 738 2282 895 2318; x_wconf 82' lang='lat' dir='ltr'><strong><em>magna</em></strong></span> <span class='ocrx_word' id='word_1_170' title='bbox 912 2269 1015 2305; x_wconf 82' lang='lat' dir='ltr'>mihi</span> <span class='ocrx_word' id='word_1_171' title='bbox 1030 2269 1259 2315; x_wconf 82' lang='lat' dir='ltr'>quantitate</span> <span class='ocrx_word' id='word_1_172' title='bbox 1276 2280 1346 2305; x_wconf 88' lang='lat' dir='ltr'>seu</span> <span class='ocrx_word' id='word_1_173' title='bbox 1363 2264 1479 2317; x_wconf 67' lang='lat' dir='ltr'>copia</span> <span class='ocrx_word' id='word_1_174' title='bbox 1496 2272 1737 2317; x_wconf 77' lang='lat' dir='ltr'>suppeteret.</span> <span class='ocrx_word' id='word_1_175' title='bbox 1753 2269 1835 2305; x_wconf 71' lang='lat' dir='ltr'>Sed</span> 
     </span>
     <span class='ocr_line' id='line_1_25' title="bbox 176 2328 1835 2367; baseline -0.002 0"><span class='ocrx_word' id='word_1_176' title='bbox 176 2331 339 2367; x_wconf 90' lang='lat' dir='ltr'>credere</span> <span class='ocrx_word' id='word_1_177' title='bbox 357 2331 538 2367; x_wconf 90' lang='lat' dir='ltr'>malimus</span> <span class='ocrx_word' id='word_1_178' title='bbox 556 2336 757 2366; x_wconf 88' lang='lat' dir='ltr'>auctorem</span> <span class='ocrx_word' id='word_1_179' title='bbox 778 2330 972 2366; x_wconf 85' lang='lat' dir='ltr'>Chronici</span> <span class='ocrx_word' id='word_1_180' title='bbox 989 2329 1155 2365; x_wconf 86' lang='lat' dir='ltr'>oblitum</span> <span class='ocrx_word' id='word_1_181' title='bbox 1179 2328 1304 2365; x_wconf 86' lang='lat' dir='ltr'>fuisse</span> <span class='ocrx_word' id='word_1_182' title='bbox 1329 2329 1573 2365; x_wconf 89' lang='lat' dir='ltr'>cancellandi</span> <span class='ocrx_word' id='word_1_183' title='bbox 1596 2330 1835 2364; x_wconf 86' lang='lat' dir='ltr'>vocabulum</span> 
     </span>
     <span class='ocr_line' id='line_1_26' title="bbox 149 2390 975 2437; baseline -0.002 -11"><span class='ocrx_word' id='word_1_184' title='bbox 149 2390 155 2396; x_wconf 83' lang='lat'>&#39;</span> <span class='ocrx_word' id='word_1_185' title='bbox 173 2391 364 2437; x_wconf 81' lang='lat' dir='ltr'>pecunia,</span> <span class='ocrx_word' id='word_1_186' title='bbox 384 2390 449 2426; x_wconf 90' lang='lat' dir='ltr'>cui</span> <span class='ocrx_word' id='word_1_187' title='bbox 467 2390 674 2426; x_wconf 85' lang='lat' dir='ltr'>substituit</span> <span class='ocrx_word' id='word_1_188' title='bbox 686 2391 975 2437; x_wconf 80' lang='lat' dir='ltr'>pecuniarum.</span> 
     </span>
    </p>

    <p class='ocr_par' dir='ltr' id='par_1_11' title="bbox 177 2447 1833 2735">
     <span class='ocr_line' id='line_1_27' title="bbox 254 2447 1831 2497; baseline -0.003 -11"><span class='ocrx_word' id='word_1_189' title='bbox 254 2451 264 2472; x_wconf 88' lang='lat'><strong>¹</strong></span> <span class='ocrx_word' id='word_1_190' title='bbox 316 2450 361 2485; x_wconf 93' lang='lat' dir='ltr'>In</span> <span class='ocrx_word' id='word_1_191' title='bbox 390 2450 478 2485; x_wconf 89' lang='lat' dir='ltr'>cod.</span> <span class='ocrx_word' id='word_1_192' title='bbox 507 2462 639 2497; x_wconf 89' lang='lat' dir='ltr'>supra,</span> <span class='ocrx_word' id='word_1_193' title='bbox 659 2463 698 2486; x_wconf 94' lang='lat' dir='ltr'>n.</span> <span class='ocrx_word' id='word_1_194' title='bbox 722 2450 779 2495; x_wconf 90' lang='lat'>18,</span> <span class='ocrx_word' id='word_1_195' title='bbox 798 2455 932 2485; x_wconf 91' lang='lat' dir='ltr'>annot.</span> <span class='ocrx_word' id='word_1_196' title='bbox 952 2448 988 2493; x_wconf 90' lang='lat'>3,</span> <span class='ocrx_word' id='word_1_197' title='bbox 1014 2448 1150 2493; x_wconf 89' lang='lat' dir='ltr'>citato,</span> <span class='ocrx_word' id='word_1_198' title='bbox 1174 2448 1244 2484; x_wconf 86' lang='lat' dir='ltr'>fol.</span> <span class='ocrx_word' id='word_1_199' title='bbox 1269 2448 1354 2494; x_wconf 88' lang='lat'>278,</span> <span class='ocrx_word' id='word_1_200' title='bbox 1373 2449 1471 2484; x_wconf 89' lang='lat' dir='ltr'>haec</span> <span class='ocrx_word' id='word_1_201' title='bbox 1494 2448 1545 2484; x_wconf 91' lang='lat' dir='ltr'>de</span> <span class='ocrx_word' id='word_1_202' title='bbox 1568 2450 1661 2484; x_wconf 77' lang='lat' dir='ltr'>D.re</span> <span class='ocrx_word' id='word_1_203' title='bbox 1689 2447 1831 2483; x_wconf 78' lang='lat' dir='ltr'>Nadal:</span> 
     </span>
     <span class='ocr_line' id='line_1_28' title="bbox 177 2566 1831 2617; baseline -0.002 -13"><span class='ocrx_word' id='word_1_204' title='bbox 177 2568 307 2604; x_wconf 90' lang='lat' dir='ltr'>ciscus</span> <span class='ocrx_word' id='word_1_205' title='bbox 325 2568 412 2611; x_wconf 91' lang='lat' dir='ltr'>Mir,</span> <span class='ocrx_word' id='word_1_206' title='bbox 438 2569 608 2605; x_wconf 89' lang='lat' dir='ltr'>vicarius</span> <span class='ocrx_word' id='word_1_207' title='bbox 632 2569 637 2617; x_wconf 99' lang='grc' dir='ltr'>Ι</span> <span class='ocrx_word' id='word_1_208' title='bbox 659 2569 956 2605; x_wconf 87' lang='lat' dir='ltr'>archidiaconus</span> <span class='ocrx_word' id='word_1_209' title='bbox 979 2568 984 2615; x_wconf 92' lang='grc' dir='ltr'>Ι</span> <span class='ocrx_word' id='word_1_210' title='bbox 1006 2567 1170 2604; x_wconf 87' lang='lat' dir='ltr'>sacrista</span> <span class='ocrx_word' id='word_1_211' title='bbox 1193 2567 1198 2614; x_wconf 94' lang='grc' dir='ltr'>Ι</span> <span class='ocrx_word' id='word_1_212' title='bbox 1220 2573 1454 2615; x_wconf 89' lang='lat' dir='ltr'>praecentor</span> <span class='ocrx_word' id='word_1_213' title='bbox 1475 2567 1479 2614; x_wconf 96' lang='grc' dir='ltr'>Ι</span> <span class='ocrx_word' id='word_1_214' title='bbox 1502 2567 1672 2614; x_wconf 89' lang='lat' dir='ltr'>P[achs].</span> <span class='ocrx_word' id='word_1_215' title='bbox 1698 2566 1702 2613; x_wconf 98' lang='grc' dir='ltr'>Ι</span> <span class='ocrx_word' id='word_1_216' title='bbox 1725 2566 1831 2601; x_wconf 75' lang='lat' dir='ltr'>Milia</span> 
     </span>
     <span class='ocr_line' id='line_1_29' title="bbox 198 2626 1833 2676; baseline -0.002 -13"><span class='ocrx_word' id='word_1_217' title='bbox 198 2627 204 2674; x_wconf 94' lang='grc' dir='ltr'>Ι</span> <span class='ocrx_word' id='word_1_218' title='bbox 226 2628 398 2664; x_wconf 87' lang='lat' dir='ltr'>Abrines</span> <span class='ocrx_word' id='word_1_219' title='bbox 420 2628 426 2676; x_wconf 89' lang='grc' dir='ltr'>Ι</span> <span class='ocrx_word' id='word_1_220' title='bbox 447 2630 579 2665; x_wconf 90' lang='lat' dir='ltr'>Bert.o</span> <span class='ocrx_word' id='word_1_221' title='bbox 602 2629 610 2674; x_wconf 90' lang='grc' dir='ltr'>Ι</span> <span class='ocrx_word' id='word_1_222' title='bbox 630 2629 751 2665; x_wconf 88' lang='lat' dir='ltr'>Sanct</span> <span class='ocrx_word' id='word_1_223' title='bbox 768 2630 867 2675; x_wconf 87' lang='lat' dir='ltr'>Joan</span> <span class='ocrx_word' id='word_1_224' title='bbox 890 2628 896 2675; x_wconf 90' lang='grc' dir='ltr'>Ι</span> <span class='ocrx_word' id='word_1_225' title='bbox 918 2627 1161 2675; x_wconf 75' lang='lat' dir='ltr'>Campfullos</span> <span class='ocrx_word' id='word_1_226' title='bbox 1184 2627 1189 2674; x_wconf 93' lang='grc' dir='ltr'>Ι</span> <span class='ocrx_word' id='word_1_227' title='bbox 1211 2626 1412 2663; x_wconf 90' lang='lat' dir='ltr'>Soldeuila</span> <span class='ocrx_word' id='word_1_228' title='bbox 1434 2626 1440 2674; x_wconf 92' lang='grc' dir='ltr'>Ι</span> <span class='ocrx_word' id='word_1_229' title='bbox 1462 2626 1670 2672; x_wconf 87' lang='lat' dir='ltr'>Vilalonga</span> <span class='ocrx_word' id='word_1_230' title='bbox 1692 2626 1697 2672; x_wconf 94' lang='grc' dir='ltr'>Ι</span> <span class='ocrx_word' id='word_1_231' title='bbox 1720 2626 1833 2660; x_wconf 87' lang='lat' dir='ltr'>Isern</span> 
     </span>
     <span class='ocr_line' id='line_1_30' title="bbox 199 2686 1014 2735; baseline -0.002 -11"><span class='ocrx_word' id='word_1_232' title='bbox 199 2686 204 2733; x_wconf 93' lang='grc' dir='ltr'>Ι</span> <span class='ocrx_word' id='word_1_233' title='bbox 226 2687 328 2724; x_wconf 87' lang='lat' dir='ltr'>Gual</span> <span class='ocrx_word' id='word_1_234' title='bbox 353 2687 358 2734; x_wconf 94' lang='grc' dir='ltr'>Ι</span> <span class='ocrx_word' id='word_1_235' title='bbox 379 2687 500 2724; x_wconf 90' lang='lat' dir='ltr'>Sanct</span> <span class='ocrx_word' id='word_1_236' title='bbox 518 2689 607 2735; x_wconf 93' lang='lat' dir='ltr'>Just</span> <span class='ocrx_word' id='word_1_237' title='bbox 630 2688 635 2735; x_wconf 93' lang='grc' dir='ltr'>Ι</span> <span class='ocrx_word' id='word_1_238' title='bbox 657 2689 751 2732; x_wconf 91' lang='lat' dir='ltr'>Net,</span> <span class='ocrx_word' id='word_1_239' title='bbox 770 2693 811 2723; x_wconf 86' lang='lat' dir='ltr'>et</span> <span class='ocrx_word' id='word_1_240' title='bbox 830 2689 892 2734; x_wconf 91' lang='lat' dir='ltr'>Jo.</span> <span class='ocrx_word' id='word_1_241' title='bbox 913 2687 987 2723; x_wconf 89' lang='lat' dir='ltr'>Mir</span> <span class='ocrx_word' id='word_1_242' title='bbox 1009 2687 1014 2734; x_wconf 92' lang='grc' dir='ltr'>Ι</span> 
     </span>
    </p>

    <p class='ocr_par' dir='ltr' id='par_1_12' title="bbox 178 2800 1837 2972">
     <span class='ocr_line' id='line_1_31' title="bbox 249 2800 1835 2853; baseline -0.004 -12"><span class='ocrx_word' id='word_1_243' title='bbox 249 2806 364 2850; x_wconf 91' lang='lat' dir='ltr'>Item,</span> <span class='ocrx_word' id='word_1_244' title='bbox 383 2805 564 2843; x_wconf 88' lang='lat' dir='ltr'>fecerunt</span> <span class='ocrx_word' id='word_1_245' title='bbox 580 2806 747 2853; x_wconf 90' lang='lat' dir='ltr'>gratiam</span> <span class='ocrx_word' id='word_1_246' title='bbox 765 2806 860 2842; x_wconf 85' lang='lat' dir='ltr'>R.d0</span> <span class='ocrx_word' id='word_1_247' title='bbox 885 2805 1129 2852; x_wconf 91' lang='lat' dir='ltr'>Hieronymo</span> <span class='ocrx_word' id='word_1_248' title='bbox 1147 2805 1288 2849; x_wconf 90' lang='lat' dir='ltr'>Nadal,</span> <span class='ocrx_word' id='word_1_249' title='bbox 1313 2815 1424 2840; x_wconf 89' lang='lat' dir='ltr'>sacre</span> <span class='ocrx_word' id='word_1_250' title='bbox 1441 2803 1584 2851; x_wconf 88' lang='lat' dir='ltr'>pagine</span> <span class='ocrx_word' id='word_1_251' title='bbox 1603 2800 1835 2849; x_wconf 78' lang='lat' dir='ltr'>professori,</span> 
     </span>
     <span class='ocr_line' id='line_1_32' title="bbox 178 2863 1837 2913; baseline -0.003 -14"><span class='ocrx_word' id='word_1_252' title='bbox 178 2863 330 2900; x_wconf 87' lang='lat' dir='ltr'>volenti</span> <span class='ocrx_word' id='word_1_253' title='bbox 347 2865 543 2912; x_wconf 84' lang='lat' dir='ltr'>proficisci</span> <span class='ocrx_word' id='word_1_254' title='bbox 559 2866 610 2901; x_wconf 94' lang='lat' dir='ltr'>ad</span> <span class='ocrx_word' id='word_1_255' title='bbox 632 2865 857 2910; x_wconf 91' lang='lat' dir='ltr'>concilium,</span> <span class='ocrx_word' id='word_1_256' title='bbox 882 2865 1001 2913; x_wconf 92' lang='lat' dir='ltr'>quod,</span> <span class='ocrx_word' id='word_1_257' title='bbox 1025 2864 1192 2900; x_wconf 89' lang='lat' dir='ltr'>durante</span> <span class='ocrx_word' id='word_1_258' title='bbox 1216 2863 1302 2910; x_wconf 92' lang='lat' dir='ltr'>ejus</span> <span class='ocrx_word' id='word_1_259' title='bbox 1327 2863 1521 2906; x_wconf 88' lang='lat' dir='ltr'>absentia,</span> <span class='ocrx_word' id='word_1_260' title='bbox 1547 2872 1626 2897; x_wconf 89' lang='lat' dir='ltr'>non</span> <span class='ocrx_word' id='word_1_261' title='bbox 1650 2865 1837 2896; x_wconf 84' lang='lat' dir='ltr'>teneatur</span> 
     </span>
     <span class='ocr_line' id='line_1_33' title="bbox 179 2924 1336 2972; baseline -0.001 -13"><span class='ocrx_word' id='word_1_262' title='bbox 179 2925 335 2960; x_wconf 86' lang='lat' dir='ltr'>soluere</span> <span class='ocrx_word' id='word_1_263' title='bbox 351 2925 614 2972; x_wconf 88' lang='lat' dir='ltr'>quotidianas,</span> <span class='ocrx_word' id='word_1_264' title='bbox 634 2926 818 2962; x_wconf 90' lang='lat' dir='ltr'>ocasione</span> <span class='ocrx_word' id='word_1_265' title='bbox 836 2937 996 2962; x_wconf 90' lang='lat' dir='ltr'>suorum</span> <span class='ocrx_word' id='word_1_266' title='bbox 1014 2924 1336 2960; x_wconf 83' lang='lat' dir='ltr'>beneficiorum.»</span> 
     </span>
    </p>

    <p class='ocr_par' dir='ltr' id='par_1_13' title="bbox 251 2984 544 3021">
     <span class='ocr_line' id='line_1_34' title="bbox 251 2984 544 3021; baseline 0.01 -3"><span class='ocrx_word' id='word_1_267' title='bbox 251 2985 266 3006; x_wconf 76' lang='lat'><strong>²</strong></span> <span class='ocrx_word' id='word_1_268' title='bbox 316 2984 544 3021; x_wconf 87' lang='lat' dir='ltr'>Barcelona.</span> 
     </span>
    </p>

    <p class='ocr_par' dir='ltr' id='par_1_14' title="bbox 185 3039 1835 3150">
     <span class='ocr_line' id='line_1_35' title="bbox 251 3039 1835 3089; baseline -0.003 -10"><span class='ocrx_word' id='word_1_269' title='bbox 251 3044 266 3064; x_wconf 77' lang='lat'>⁵</span> <span class='ocrx_word' id='word_1_270' title='bbox 316 3043 400 3089; x_wconf 87' lang='lat' dir='ltr'>Sic3</span> <span class='ocrx_word' id='word_1_271' title='bbox 421 3044 674 3081; x_wconf 88' lang='lat' dir='ltr'>scribendum</span> <span class='ocrx_word' id='word_1_272' title='bbox 691 3050 824 3080; x_wconf 89' lang='lat' dir='ltr'>tamen</span> <span class='ocrx_word' id='word_1_273' title='bbox 842 3049 903 3080; x_wconf 91' lang='lat' dir='ltr'>est</span> <span class='ocrx_word' id='word_1_274' title='bbox 917 3042 1311 3080; x_wconf 85' lang='lat' dir='ltr'>Domenech.-Vide</span> <span class='ocrx_word' id='word_1_275' title='bbox 1325 3042 1486 3088; x_wconf 86' lang='lat' dir='ltr'>insuper</span> <span class='ocrx_word' id='word_1_276' title='bbox 1499 3039 1614 3083; x_wconf 84' lang='lat' dir='ltr'>infra,</span> <span class='ocrx_word' id='word_1_277' title='bbox 1630 3039 1835 3085; x_wconf 63' lang='lat' dir='ltr'>JIMENEz,</span> 
     </span>
     <span class='ocr_line' id='line_1_36' title="bbox 185 3101 1160 3150; baseline 0 -12"><span class='ocrx_word' id='word_1_278' title='bbox 185 3101 482 3147; x_wconf 57' lang='lat' dir='ltr'>Comment.,⁴n.</span> <span class='ocrx_word' id='word_1_279' title='bbox 506 3113 563 3150; x_wconf 93' lang='lat'>14,</span> <span class='ocrx_word' id='word_1_280' title='bbox 583 3104 651 3139; x_wconf 89' lang='lat' dir='ltr'>ubi</span> <span class='ocrx_word' id='word_1_281' title='bbox 669 3105 783 3140; x_wconf 91' lang='lat' dir='ltr'>aliter</span> <span class='ocrx_word' id='word_1_282' title='bbox 800 3105 898 3140; x_wconf 92' lang='lat' dir='ltr'>haec</span> <span class='ocrx_word' id='word_1_283' title='bbox 916 3108 1160 3139; x_wconf 88' lang='lat' dir='ltr'>enarrantur.</span> 
     </span>
    </p>
   </div>
  </div>
 </body>
</html>
