2066 3536
239 277 322 305 xm
887 269 1067 305 No’rrriA
1093 276 1283 307 comcma

241 371 332 416 tius
348 371 405 415 de
423 372 609 428 Loyola,
634 371 897 429 Prepositus
914 372 1228 430 generalis...»
1259 371 1266 431 Ι
1299 372 1502 416 «Acerca
1516 370 1646 415 desta
1662 371 1775 414 letra
1791 384 1841 414 se
1862 384 1889 414 a

239 450 297 493 de
319 456 453 493 notar
474 464 504 506 y
526 450 765 506 ponderar,
791 465 901 507 para
916 449 1060 507 mejor
1081 451 1300 494 entender
1315 450 1383 493 las
1400 463 1532 493 cosas
1553 463 1584 505 y
1599 446 1886 506 proposicio-

241 542 339 581 nes,
364 537 455 583 que
476 527 672 584 despues
694 542 744 572 se
765 528 990 585 pondran,
1016 542 1107 584 que
1123 535 1219 572 este
1236 527 1422 585 Ignacio
1438 531 1465 571 ό
1481 527 1608 583 inigo
1624 526 1682 569 de
1698 525 1887 582 Loyola3

243 609 391 663 segun
413 620 462 650 es
481 606 615 658 fama,
641 605 719 649 fue
740 606 912 650 notado
929 621 987 651 en
1008 606 1052 650 la
1073 605 1344 662 inquisiciOn
1366 619 1448 662 por
1469 604 1605 661 ereje,
1631 618 1725 647 uno
1748 603 1805 647 de
1821 603 1889 646 los

243 683 446 727 dexados
466 698 496 739 y
518 682 825 727 alumbrados.
853 684 907 727 El
934 683 1040 740 qual
1067 683 1196 741 inigo
1218 687 1246 726 ὁ
1268 682 1416 739 inacio
1446 697 1495 726 se
1524 682 1601 725 fue
1627 681 1842 738 huyendo
1864 683 1891 723 a

246 762 389 804 Roma
406 774 488 817 por
509 774 695 817 escapar
717 761 833 805 dela
854 760 1125 818 inquisicion
1141 764 1167 804 e
1183 759 1501 816 inquisidores.
1512 794 1520 803 .
1532 794 1540 803 .
1552 776 1570 800 »
1592 757 1894 803 Concluditur

248 838 324 881 fol.
365 848 419 893 52
447 853 512 881 v.:
549 839 656 882 «Fo.
694 851 791 894 113.
827 839 885 883 fa.
924 852 940 883 1
978 849 984 898 Ι
1020 840 1210 883 Textus.
1237 837 1426 882 Etiamsi
1457 837 1590 894 plane
1611 841 1893 893 compertum

247 915 567 972 difinitumque
589 922 659 960 est
685 916 695 937 ¹
721 916 889 960 nemini
917 916 1184 974 contingere
1205 916 1399 959 salutem
1426 914 1513 958 nisi
1541 912 1893 971 praedestinato,

249 999 366 1036 etc.»
398 992 404 1052 Ι
437 995 591 1038 «Haec
613 994 803 1039 assertio
824 1009 906 1052 pro
928 1001 1100 1051 quanto
1124 993 1259 1038 vertit
1281 993 1328 1036 in
1349 992 1538 1036 dubium
1561 991 1685 1048 quod
1706 1005 1801 1034 non
1822 1005 1898 1034 so·

249 1071 342 1114 lum
377 1071 699 1128 praedestinati
726 1073 1040 1126 salvabuntur,
1066 1072 1147 1117 sed
1176 1071 1402 1128 aliquibus
1430 1084 1526 1114 non
1553 1066 1899 1127 praedestinatis

251 1148 477 1206 contingit
498 1150 638 1203 salus,
673 1157 743 1194 est
763 1165 859 1194 non
891 1151 1026 1194 modo
1057 1164 1263 1203 erronea,
1290 1147 1525 1193 temeraria
1546 1154 1593 1192 et
1614 1146 1896 1200 scandansa,

252 1240 411 1270 verum
432 1226 567 1271 etiam
595 1227 810 1271 heretica.
844 1227 941 1273 Scit
962 1227 1084 1272 enirn
1112 1227 1338 1272 Dominus
1367 1225 1445 1283 qui
1467 1231 1574 1270 sunt
1601 1224 1716 1279 eius,
1747 1230 1793 1268 et
1814 1222 1900 1267 ite-

253 1318 353 1347 rum
382 1305 499 1361 quod
518 1306 737 1361 prescivit
767 1309 807 1349 et
836 1306 1183 1362 predestinavit.
1214 1304 1220 1364 Ι
1248 1305 1384 1349 111.me
1422 1318 1475 1348 ac
1503 1305 1686 1348 Rev.me
1722 1302 1897 1355 Presul,

254 1382 424 1426 nostris
445 1382 516 1426 his
533 1383 905 1427 annotationibus
922 1384 1034 1427 nihil
1049 1384 1289 1428 detrahere
1305 1390 1384 1427 aut
1406 1382 1626 1426 minuere.
1637 1416 1646 1425 .
1657 1415 1666 1425 .
1686 1379 1904 1425 ecclesiae

256 1459 563 1504 emendationi
591 1460 902 1505 subiicimus.»
929 1462 1026 1506 Fol.
1054 1472 1108 1518 53
1132 1477 1197 1515 v.,
1226 1464 1277 1505 P.
1310 1461 1457 1506 Nadal
1483 1474 1638 1504 manu:
1674 1459 1906 1503 «Censura

257 1543 416 1581 contra
442 1538 511 1581 los
537 1538 776 1582 exercitios
803 1539 860 1583 de
894 1539 993 1596 fray
1019 1539 1249 1596 pedroche
1278 1540 1429 1597 (como
1457 1537 1607 1594 dizen)
1635 1535 1907 1594 presentado

258 1615 331 1658 del
349 1615 492 1659 orden
509 1617 566 1660 de
582 1631 619 1660 S.
639 1616 883 1674 domingo,
904 1617 1095 1661 familiar
1109 1617 1183 1661 del
1199 1617 1411 1661 cardenal
1427 1617 1485 1659 de
1502 1615 1675 1659 Toledo
1691 1613 1873 1660 Siliceo.
1885 1630 1902 1653 »

349 1695 394 1748 4)
455 1695 491 1737 F
496 1694 556 1737 ol.
590 1705 662 1749 54,
695 1710 833 1740 manu
864 1697 916 1739 P.
949 1695 1111 1740 Nadal:
1157 1694 1395 1739 «Doctoris
1423 1692 1682 1746 Torrensis,
1713 1691 1792 1749 qui
1823 1690 1908 1735 fuit

262 1771 455 1815 Canarie
477 1786 573 1828 eps.
600 1772 817 1830 apologia
837 1788 920 1830 pro
941 1773 1211 1817 exercitiis.»
1238 1772 1421 1830 Incipit:
1451 1771 1682 1816 «Primum
1704 1768 1906 1814 omnium

262 1848 399 1892 miror
421 1850 668 1894 admodum
691 1851 748 1895 de
769 1851 857 1905 his,
883 1851 962 1908 qui
990 1852 1161 1895 audent
1181 1852 1347 1895 latrare
1375 1855 1536 1894 contra
1562 1847 1777 1893 exercitia
1803 1862 1907 1891 san-

261 1926 489 1972 ctissimae
516 1927 757 1973 Societatis
772 1931 899 1988 Jesu,
926 1936 1167 1986 postquam
1191 1929 1342 1973 omnia
1362 1933 1409 1972 et
1432 1927 1614 1984 singula
1635 1926 1682 1970 in
1709 1925 1774 1970 eis
1796 1938 1909 1968 con-

267 2011 392 2048 tenta
412 2005 686 2050 auctoritate
706 2007 871 2051 summi
893 2007 1122 2065 pontificis
1144 2014 1253 2051 sunt
1274 2006 1624 2064 approbata...»;
1656 2003 1778 2061 quod
1809 2001 1911 2058 qui—

266 2082 369 2125 dem
407 2083 570 2139 partim
609 2084 770 2140 latine,
811 2085 975 2142 partim
1010 2084 1244 2142 hispanice
1285 2085 1503 2141 scriptum
1537 2089 1622 2127 est.
1642 2106 1701 2113 -
1718 2079 1913 2137 Explicit

269 2159 344 2203 fol.
378 2160 451 2216 63:
487 2167 558 2205 «et
589 2176 777 2218 operum
806 2163 1030 2206 bonorum
1053 2162 1214 2207 merita
1244 2161 1486 2206 excludere
1516 2148 1634 2204 velle
1660 2157 1911 2209 videamur,

269 2238 341 2282 vel
363 2253 389 2282 e
411 2252 650 2293 converso,
671 2253 730 2284 ne
750 2241 853 2297 plus
876 2255 1020 2297 aequo
1041 2240 1166 2284 hisce
1188 2239 1456 2292 tribuentes,
1476 2237 1564 2282 illis
1584 2235 1763 2280 interim
1779 2234 1914 2278 dero-

270 2329 448 2372 gemus.
475 2317 519 2360 A
536 2317 621 2361 dos
643 2317 700 2361 de
721 2319 891 2362 henero
912 2318 986 2362 del
1007 2324 1096 2361 ano
1125 2327 1260 2373 1554»
1292 2316 1298 2376 Ι
1331 2316 1399 2360 «el
1419 2315 1602 2359 doctor»
1634 2312 1641 2372 Ι
1673 2313 1910 2356 «Torres.»

271 2394 379 2437 —ff.
405 2395 461 2450 63
484 2410 549 2448 v.,
576 2395 650 2450 64,
676 2396 731 2451 65
755 2402 801 2439 et
823 2396 896 2448 66,
916 2410 1078 2439 vacua.

363 2471 403 2528 5)
465 2473 501 2516 F
504 2472 631 2527 ol.67
644 2473 921 2518 r.—Natalis
934 2488 1088 2516 manu:
1109 2472 1445 2528 «Eiusdempro
1459 2469 1630 2514 eisdem
1641 2465 1882 2512 exercitiis.
1895 2483 1911 2506 »

275 2549 380 2594 Alia
400 2565 538 2595 manu
559 2550 736 2607 ignota,
762 2550 949 2594 forsitan
975 2550 1122 2594 Patris
1145 2549 1380 2595 Sothwell:
1410 2549 1565 2591 «Haec
1582 2545 1807 2603 scriptura
1822 2558 1917 2588 non

273 2636 343 2674 est
359 2629 563 2674 doctoris
579 2631 762 2683 Torres,
783 2630 863 2673 secl
881 2628 1080 2673 alterius.
1112 2627 1119 2687 Ι
1147 2629 1234 2672 V.e
1259 2626 1339 2670 ubi
1356 2632 1470 2669 noto
1485 2626 1601 2669 haec
1622 2623 1771 2680 signa:
1795 2624 1814 2677 Η
1839 2624 1914 2672 88»

274 2710 342 2752 Re
362 2723 471 2752 vera
492 2714 561 2751 est
588 2707 778 2764 epistola
806 2708 998 2764 alicujus
1026 2721 1052 2751 e
1079 2706 1309 2752 Societate
1338 2703 1502 2756 Patris,
1532 2702 1590 2746 ad
1617 2701 1765 2744 virum
1793 2706 1921 2744 extra
1973 2701 1975 2703 ’

276 2787 550 2832 Societatem
591 2786 784 2838 directa,
830 2785 963 2841 cujus
1004 2784 1223 2841 epistolae
1271 2788 1316 2826 et
1357 2779 1595 2825 exordium
1632 2785 1678 2823 et
1718 2776 1923 2822 clausula

278 2866 443 2910 omissa
465 2866 666 2910 fuerunt.
691 2863 868 2921 Incipit:
893 2865 1056 2906 «Estos
1072 2876 1155 2905 son
1177 2861 1247 2905 los
1263 2860 1448 2917 lugares
1464 2872 1522 2902 en
1539 2870 1629 2914 que
1643 2869 1797 2914 ponen
1813 2860 1924 2898 nota

280 2945 474 3001 algunos
501 2959 558 2988 en
588 2943 657 2987 los
688 2940 945 2993 exercitios,
976 2954 1037 2984 no
1064 2938 1268 2982 mirando
1305 2937 1350 2980 la
1385 2935 1510 2979 bulla
1544 2933 1619 2979 del
1646 2947 1807 2990 papa.»
1843 2931 1922 2975 Illa

354 3115 365 3138 ¹
418 3114 547 3153 Antea
564 3112 752 3162 scriptum
770 3109 911 3156 fuerat,
929 3109 997 3153 sit,·
1015 3106 1085 3143 sed
1102 3105 1362 3143 cancellatum
1380 3107 1454 3139 est.
