2020 3464
286 319 357 362 ¹754
915 309 1055 352 prsr.
1084 308 1127 351 P.
1155 308 1307 351 NADAL

284 412 569 469 appellebant
590 427 752 456 versus
769 411 1032 465 Messinam,
1057 410 1095 454 si
1118 411 1234 454 forte
1250 410 1297 453 in
1319 409 1448 453 littus
1465 407 1689 455 transilire
1705 407 1924 465 valerent,

282 471 451 516 relictis
473 472 571 515 aliis
593 472 771 516 eminus
798 472 925 515 iuxta
953 445 1208 515 Calabriam
1238 469 1434 527 (saepius
1462 477 1615 515 autem
1642 469 1928 527 praedixerat

285 531 452 575 Pater
442 547 489 574 m
511 534 666 575 Monte
689 531 813 575 alto
802 531 912 588 ipsis
934 529 1206 573 monialibus
1228 536 1496 573 eventuram
1517 530 1820 574 calamitatem
1842 530 1926 573 ali-

281 606 433 647 quam,
459 590 565 646 quia
587 591 953 635 reformationem
976 588 1073 633 fieri
1095 589 1285 643 nollent,
1310 585 1560 645 perdebant
1582 597 1735 634 autem
1758 596 1923 633 terram

281 657 541 708 augustam,
562 650 760 694 Domino
778 650 843 694 sic
859 649 1161 717 disponente).
1184 649 1345 692 Patres
1367 663 1479 705 ergo
1496 656 1542 693 et
1559 650 1737 703 fratres,
1762 648 1924 692 viden-

280 717 348 754 tes
386 711 549 767 globos
581 717 911 754 tormentorum
934 709 1096 766 igneos
1124 708 1243 750 ultro
1271 707 1477 764 citroque
1505 708 1710 762 volitare,
1744 709 1923 753 ferven-

281 769 370 813 tius
393 770 598 813 orabant
621 769 710 814 Vix
732 776 885 814 autem
904 775 1116 824 quartum
1134 769 1272 811 horae
1288 767 1484 824 spatium
1501 769 1755 821 effluxerat,
1776 782 1923 824 quan-

278 830 337 873 do
354 829 506 873 subito
522 844 572 873 se
588 830 863 886 elongarunt
880 843 906 871 a
923 826 1138 880 Messina,
1158 834 1204 870 et
1220 827 1452 871 elevantes
1467 828 1584 881 vela,
1605 842 1684 884 per
1702 828 1920 882 Pharum,

279 888 462 933 Scillam
480 895 526 934 et
544 888 775 933 Caribdim
794 888 1053 939 transirent,
1076 886 1189 930 adeo
1205 893 1257 930 ut
1273 894 1378 943 post
1400 888 1557 932 horam
1579 887 1656 931 vix
1678 886 1923 944 quicquam

279 948 474 1005 amplius
495 955 747 1005 appareret.

366 1009 434 1052 Ita
448 1022 561 1065 ergo
578 1007 804 1051 Dominus
820 1021 900 1063 per
916 1004 1146 1050 orationes
1163 1003 1405 1050 Societatis
1422 1005 1504 1063 (uti
1521 1005 1594 1073 pie
1610 1005 1734 1050 credi
1751 1009 1921 1065 potest)

276 1081 588 1112 messanenses
610 1082 636 1110 a
658 1066 848 1110 canibus
876 1064 1102 1117 liberavit,
1133 1064 1197 1108 ita
1218 1070 1270 1107 ut
1300 1064 1469 1108 iidem
1457 1080 1505 1108 1n
1536 1064 1736 1122 ipsorum
1769 1067 1921 1112 reditu

276 1127 476 1184 binoque
508 1126 703 1170 transitu
734 1125 926 1182 amplius
948 1139 1043 1168 non
1066 1124 1286 1168 auderent
1315 1124 1480 1192 facere,
1505 1125 1815 1180 quamtumvis
1836 1141 1921 1171 suo
1956 1157 1960 1160 -

275 1193 464 1243 aspectu
486 1201 704 1242 magnum
727 1185 938 1229 omnibus
962 1183 1168 1227 timorem
1190 1183 1503 1228 incussissent.
1530 1185 1633 1228 Hoc
1654 1193 1808 1231 autem
1835 1186 1918 1231 be—

274 1245 488 1291 neficium
514 1253 608 1289 tota
629 1259 810 1301 quoque
831 1243 995 1288 civitas
1016 1258 1096 1302 per
1132 1242 1364 1287 orationes
1390 1250 1655 1288 nostrorum
1676 1260 1725 1289 se
1753 1258 1917 1290 conse—

274 1312 426 1350 cutam
450 1305 591 1349 libere
615 1305 859 1350 fatebatur.

1077 1428 1116 1472 II

644 1507 1030 1552 NAUFRAGIUM
1078 1506 1291 1550 Pmms
1338 1506 1536 1551 NADAL

756 1598 817 1627 ET
850 1596 978 1627 MORS
1010 1583 1193 1627 Ismom
1228 1584 1431 1627 BELLINI

850 1658 1133 1719 Junio-Julio
1161 1672 1177 1703 1
1186 1669 1239 1715 55
1251 1660 1309 1703 1¹

267 1741 317 1777 Ρ.
346 1739 577 1777 Wischaven
594 1739 736 1774 suadet
761 1738 883 1773 Patri
907 1736 1046 1772 Nadal
1067 1736 1168 1772 navi
1199 1737 1375 1772 ationem
1402 1737 1447 1773 in
1470 1737 1676 1786 Africam.
1680 1739 1911 1776 —Isidorus

335 1789 456 1825 illum
486 1787 676 1823 comitari
700 1786 895 1833 postulat.
907 1784 1108 1820 —Annuit
1172 1784 1339 1820 adal-
1351 1786 1399 1820 P.
1436 1785 1666 1823 Wischaven
1691 1788 1910 1824 adversum

336 1837 404 1872 illi
420 1847 558 1872 casum
572 1834 859 1883 praenuntiat.

354 1895 499 1945 Paulo
521 1907 627 1945 ante
642 1900 781 1944 fiebat
803 1898 925 1955 apud
941 1897 1201 1954 viceregem
1218 1897 1390 1942 mentio
1408 1898 1465 1942 de
1481 1898 1704 1944 mittendo
1723 1902 1910 1946 Patrem

263 1962 472 2006 Natalem
501 1960 548 2003 in
580 1959 799 2011 Africam,
831 1958 954 2014 quod
975 1971 1080 2024 cum
1104 1957 1361 2024 praecipuis
1390 1958 1604 2002 Patribus
1625 1966 1672 2004 et
1693 1960 1910 2005 fratribus

261 2020 587 2078 proposuisset,
613 2032 836 2075 quaerens
858 2016 995 2074 quid
984 2016 1070 2074 1psi
1092 2016 1329 2070 sentirent,
1355 2017 1504 2074 pauci,
1525 2018 1616 2062 imo
1638 2019 1734 2064 fere
1755 2021 1911 2065 nullus

259 2087 371 2133 erat,
393 2080 467 2123 cui
489 2079 722 2123 videretur
742 2078 866 2133 quod
888 2077 988 2130 iret,
1013 2075 1101 2120 nisi
1118 2075 1202 2119 soli
1226 2075 1351 2120 Patri
1368 2078 1559 2120 nostro²
1569 2079 1736 2123 .Tunc
1759 2079 1909 2136 inquit

262 2143 315 2184 P.
342 2139 548 2184 Natalis:
578 2138 859 2204 «Quomodo
871 2143 921 2179 tu
944 2150 1123 2193 semper
1152 2135 1366 2180 dissentis
1389 2137 1447 2180 ab
1474 2136 1624 2181 aliis?»
1657 2138 1746 2182 Cui
1770 2141 1910 2184 Pater

259 2199 522 2256 respondit:
553 2197 710 2250 «Dico,
735 2195 899 2252 inquit,
928 2199 1079 2249 Pater,
1106 2196 1228 2251 quod
1255 2195 1436 2240 sentio:
1458 2198 1516 2241 V.
1544 2198 1600 2240 R.
1627 2197 1768 2242 faciat
1784 2199 1909 2255 quod

259 2259 486 2303 Dominus
507 2258 550 2302 ei
578 2256 861 2313 inspirabit.»

349 2318 569 2375 Magister
585 2316 802 2368 Isidorus,
823 2329 1037 2358 romanus
1055 2313 1147 2371 (qui
1163 2313 1359 2370 logicam
1376 2314 1543 2358 ibidem
1566 2316 1902 2384 profitebatur),

258 2378 388 2434 petiit
415 2375 651 2433 congredi,
683 2375 722 2419 si
751 2382 903 2419 tamen
931 2374 994 2416 ita
1020 2373 1306 2418 obedientiae
1333 2373 1582 2428 videretur,
1614 2390 1719 2419 nam
1747 2375 1796 2419 in
1821 2390 1905 2420 so-

257 2438 378 2480 cium
401 2436 486 2480 sibi
509 2436 636 2479 illum
663 2437 714 2479 P.
740 2433 917 2478 Natalis
938 2447 1118 2476 sumere
1139 2433 1344 2488 volebat;
1381 2434 1462 2478 sed
1487 2435 1731 2478 momordit
1758 2435 1903 2479 Isido-

258 2512 358 2540 rum
380 2494 676 2563 conscientia,
700 2493 915 2537 dubitans
936 2498 1046 2536 num
1073 2499 1234 2536 contra
1254 2494 1404 2537 Deum
1429 2493 1628 2548 fecisset,
1653 2495 1777 2550 quod
1799 2501 1900 2538 tan—

258 2565 416 2613 topere
438 2554 692 2607 institisset,
717 2560 769 2596 ut
790 2552 855 2597 ire
872 2558 1026 2608 posset
1042 2566 1147 2595 cum
1165 2553 1303 2596 Patre
1324 2553 1503 2597 Natale.
1524 2554 1771 2598 Consuluit
1786 2568 1900 2611 ergo

257 2618 439 2660 Patrem
462 2621 667 2658 nostrum
690 2627 826 2669 super
853 2613 940 2656 hac
961 2627 1026 2679 re,
1059 2611 1134 2654 cui
1161 2618 1360 2656 mentem
1382 2627 1511 2656 suam
1540 2613 1786 2670 aperiebat.
1812 2613 1900 2658 Cui

258 2678 393 2719 Pater
409 2673 586 2726 annuit,
606 2673 687 2717 sed
709 2679 877 2723 tamen,
898 2670 1066 2726 inquit:
1091 2672 1222 2715 «Non
1244 2672 1434 2715 consulo
1457 2678 1508 2715 ut
1528 2686 1621 2725 eas,
1642 2671 1728 2716 nisi
1750 2673 1901 2717 adhuc

255 2735 394 2780 semel
416 2735 473 2777 de
494 2733 676 2789 integro
698 2738 821 2775 tuam
845 2729 1177 2774 confessionem
1200 2731 1461 2799 generalem
1489 2731 1603 2776 velis
1630 2746 1896 2777 renovare.»

254 2794 382 2839 Fecit
404 2807 516 2850 ergo
538 2794 626 2835 hoc
642 2790 856 2842 Isidorus,
878 2797 923 2834 et
939 2789 1122 2845 quidem
1141 2789 1452 2844 exactissime,
1473 2805 1566 2858 quo
1579 2791 1716 2844 facto,
1737 2805 1898 2837 omnes

253 2853 672 2897 animadverterunt
708 2850 842 2893 solito
878 2849 1005 2892 illum
1042 2863 1143 2892 esse
1174 2848 1423 2894 laetiorem.
1460 2851 1520 2894 Et
1554 2849 1702 2907 inquit
1738 2852 1896 2896 Pater:

255 2932 272 2953 «
282 2913 508 2969 D1sponas
526 2918 570 2955 te
587 2925 681 2954 non
694 2908 824 2953 aliter
841 2910 897 2952 ad
914 2911 1032 2952 hanc
1049 2908 1375 2965 profectionem
1394 2923 1528 2964 quam
1546 2908 1584 2953 si
1602 2909 1683 2953 tibi
1700 2911 1757 2954 ad
1774 2924 1898 2954 mor-

252 2980 359 3024 tem,
385 2986 467 3015 seu
490 2969 755 3027 martyrium
778 2968 980 3012 eundum
1004 2982 1105 3011 esse
1127 2974 1357 3024 putares.»

324 3071 331 3090 ¹
384 3069 443 3103 Ex
459 3069 702 3111 transumpto
719 3062 814 3099 Cod.
832 3072 890 3105 25,
906 3062 972 3099 fol.
990 3061 1074 3108 234,
1083 3061 1166 3108 235.
1177 3062 1278 3098 Vide
1294 3062 1492 3099 Notitiam
1507 3065 1702 3107 codicum,
1717 3076 1807 3112 pag.
1822 3073 1890 3104 Lx.

249 3115 397 3151 —Vide
416 3114 533 3150 etiam
553 3125 598 3148 su
626 3124 683 3157 ra,
704 3110 819 3157 epist.
840 3109 900 3154 33,
919 3109 965 3155 34
983 3115 1023 3145 et
1041 3109 1102 3154 35.

318 3166 332 3187 2
384 3163 448 3199 Sc.
469 3161 575 3198 Patri
627 3159 777 3195 ornelio
797 3158 1055 3194 Wischaven.
