2028 3484
728 252 774 290 28
799 252 1049 290 Novmfflms
1074 260 1168 298 1555
1699 250 1767 288 331

127 370 160 413 y
178 332 302 401 essos
322 368 352 411 4
371 359 400 400 ό
425 366 448 412 5
467 356 578 401 idias
606 370 681 402 me
710 357 936 412 occupare
966 359 1065 399 con‘
1085 354 1130 398 13
1160 353 1307 411 gratia
1338 355 1414 399 del
1445 355 1591 400 Sefior
1618 370 1676 400 en
1704 356 1771 400 las

129 446 261 477 cosas
283 432 415 478 deste
435 431 646 490 collegio.

218 509 274 552 El
294 509 442 554 Sefior
460 523 542 566 per
562 523 647 553 sua
667 507 977 554 misericordia
996 506 1175 551 infinita
1195 521 1280 551 nos
1300 508 1358 551 de
1374 507 1570 564 siempre
1586 511 1613 551 ἑ.
1629 508 1771 553 sentir

129 599 186 629 su
220 584 479 630 santis'sima
518 586 709 630 voluntz't
747 586 1100 643 perfettamente
1113 618 1123 638 ,
1167 600 1199 641 y
1240 585 1420 641 aquena
1461 591 1775 630 enteramente

131 662 343 719 cumplir.

172 772 175 774 —
218 740 290 783 De
313 739 504 793 Bolofia‚
530 752 589 795 24
608 741 667 785 de
689 741 870 797 Agosto
898 749 1027 795 1555.

185 842 190 846 ·
758 819 830 862 De
851 819 910 862 V.
938 819 992 861 P.
1018 815 1170 862 sieruo
1191 830 1251 860 en
1272 817 1414 873 Xpo.,

712 898 714 901 '
1289 893 1319 951 †
1340 894 1528 938 NADAL.

1414 953 1444 1011 ,Γ

223 1050 468 1106 Inscriptio
488 1050 540 1092 in
560 1053 689 1092 sexta
702 1049 903 1106 pagina:
930 1049 991 1093 Al
1019 1049 1162 1092 molto
1189 1048 1306 1092 Rdo.
1341 1047 1390 1091 in
1419 1047 1604 1092 Christo
1629 1049 1780 1094 Padre

86 1184 89 1186 q
131 1127 165 1171 il
188 1130 241 1172 P.
268 1130 329 1172 M.
357 1126 537 1184 Ignatio
556 1127 615 1171 de
635 1126 823 1182 Loyola‚
848 1125 1320 1186 prepositogenerale
1346 1125 1466 1170 della
1493 1125 1780 1183 Compagnia

132 1204 180 1248 di
196 1207 349 1263 Jesus,
373 1220 400 1248 a
422 1206 582 1257 Roma,
607 1218 804 1261 appreso
826 1204 925 1249 Sto.
953 1204 1162 1247 Marcho.

227 1282 287 1325 Al
309 1288 457 1339 porto.

224 1360 334 1403 Alia
353 1373 512 1402 manu:
535 1369 606 1414 55.
634 1361 807 1403 Bon.a.
834 1371 892 1413 24
913 1359 1040 1415 Aug.

232 1436 485 1494 Vestigium
509 1450 639 1479 cerae
658 1436 830 1479 rubrae
850 1436 1015 1493 sigilli.

920 1653 1003 1694 83

590 1757 645 1800 Ρ.
671 1757 1086 1801 HIERONYMUS
1108 1756 1329 1800 NADAL

476 1862 718 1902 SANCTO
760 1861 1028 1901 IGNATIO
1070 1863 1148 1899 DE
1189 1861 1442 1900 LOYOLA

544 1959 759 2013 Genuae,
795 1960 851 2002 28
882 1959 1155 2004 Novembris
1192 1969 1302 2014 1555
1339 1961 1369 2002 ¹.

131 2075 168 2108 1,
188 2076 224 2102 2.
244 2066 455 2103 Meliorem
472 2067 612 2114 priori
634 2078 778 2102 navem
801 2078 842 2102 se
865 2066 1044 2115 ¹elegisse,
1069 2078 1151 2113 qua
1172 2067 1219 2102 in
1241 2067 1490 2114 Hispaniam
1509 2067 1784 2103 veheretur.—

207 2136 244 2172 3.
268 2126 330 2162 De
348 2126 517 2174 collegio
536 2125 879 2174 Carignani.—4.
897 2125 1069 2161 Nullum
1087 2126 1303 2162 imminere
1321 2126 1555 2174 periculum
1579 2127 1625 2162 in
1648 2127 1781 2168 domo,

203 2186 247 2221 in
266 2197 390 2232 eaque
405 2188 562 2221 nostros
573 2188 818 2233 permanere
829 2187 944 2233 posse
961 2182 1086 2222 donec
1100 2186 1316 2234 collegium
1329 2186 1588 2234 perficiatur.
1728 2180 1730 2182 ’

230 2366 327 2408 Pax
347 2364 455 2412 Xoi.

236 2454 268 2484 1.
334 2413 499 2495 Pa⁵dre‚
524 2442 583 2487 he
603 2441 829 2487 rescibido
851 2442 919 2486 las
939 2442 997 2487 de
1019 2444 1078 2487 V.
1104 2444 1159 2486 P.
1183 2443 1242 2487 de
1264 2455 1316 2486 21
1343 2457 1430 2486 con
1451 2443 1518 2486 las
1534 2450 1655 2487 otras
1672 2457 1783 2499 para

140 2518 183 2562 el
206 2520 262 2562 P.
286 2518 397 2563 Luis
417 2519 476 2564 de
497 2519 663 2564 Loarte
683 2534 714 2575 y
734 2533 842 2575 para
862 2520 1029 2576 Spafia.
1051 2520 1125 2564 No
1145 2521 1237 2576 hay
1270 2534 1359 2576 que
1385 2520 1647 2576 responder,
1681 2518 1782 2563 sino

212 2656 224 2676 ¹
274 2655 334 2690 Ex
351 2656 606 2703 autograph0‚
624 2655 666 2691 in
683 2656 813 2703 Epist.
829 2656 986 2700 Natat„
1001 2658 1034 2704 1,
1048 2657 1196 2705 duplici
1207 2656 1291 2700 fol„
1310 2657 1356 2702 35
1374 2659 1459 2703 (195
1477 2655 1538 2702 (ἒ),
1558 2659 1655 2700 200).
1672 2657 1781 2692 Duas

139 2715 294 2758 saltem,
312 2720 406 2750 ante
422 2715 528 2751 diem
550 2714 599 2751 28
619 2715 858 2752 Novembris
881 2716 930 2752 ad
953 2717 1150 2763 Ignatium
1174 2718 1239 2754 vel
1263 2718 1476 2753 Polaneum
1502 2716 1689 2762 epistolas
1715 2715 1782 2751 de·
1857 2710 1862 2715 “

136 2772 244 2809 disse
260 2774 417 2810 Patrem
435 2774 559 2810 Nadal
583 2779 737 2811 constat
759 2787 810 2811 ex
833 2776 1015 2824 Regesto,
1044 2777 1117 2823 ΙΙΙ,
1143 2775 1314 2821 333-347.
1342 2777 1434 2811 Illas
1460 2780 1591 2810 autem
1617 2774 1786 2821 periisse

137 2832 422 2869 existimamus.
442 2834 556 2880 Quae
574 2826 706 2869 tamen
723 2834 774 2869 de
791 2834 934 2870 itinere
951 2834 1150 2871 referebat
1166 2836 1211 2871 P.
1231 2835 1356 2871 Nadal
1375 2835 1416 2870 in
1433 2834 1511 2870 illis
1524 2833 1680 2879 litteris,
1700 2833 1785 2869 erui

138 2891 279 2938 partim
296 2897 483 2939 poterunt
499 2904 549 2928 ex
567 2892 734 2940 epistola
751 2894 796 2929 P.
815 2894 1008 2930 Ludoviei
1026 2895 1266 2942 Gonealves,
1286 2895 1423 2931 eadem
1442 2894 1505 2929 die
1530 2892 1575 2928 28
1597 2892 1646 2928 ad
1671 2893 1787 2939 Igna-

139 2950 238 2986 tium
255 2951 389 2998 missa,
407 2963 458 2987 ex
474 2964 551 2999 qua
567 2953 665 2988 haee
678 2952 793 2999 juvat
811 2965 1045 3001 excerpere:
1066 2955 1346 3001 «...L]egamos
1364 2957 1386 2989 ἑ.
1404 2953 1532 2988 Leriei
1549 2955 1571 2988 ἐι
1585 2961 1606 2987 2
1620 2952 1682 2987 del
1698 2964 1785 2999 pre-

140 3015 255 3046 sente
271 3022 349 3046 una
365 3012 459 3046 hora
475 3011 646 3059 despues
675 3011 956 3049 dembarcados
974 3014 1032 3050 los
1050 3020 1252 3050 nuestros:
1284 3026 1312 3061 y
1342 3012 1593 3049 embareados
1613 3023 1684 3047 nos
1718 3024 1783 3059 pa-

140 3072 309 3107 ramosa
327 3077 348 3115 5
366 3069 508 3117 millas,
525 3083 552 3118 y
565 3070 628 3106 dai
642 3073 664 3107 3
677 3071 748 3107 dos
765 3072 849 3108 dias
866 3084 918 3119 yo
935 3071 992 3109 fui
1005 3075 1027 3109 ἑ
1045 3073 1183 3110 uisitar
1200 3075 1258 3110 los
1272 3078 1467 3118 nuestros‚
1482 3085 1507 3119 y
1522 3084 1571 3107 en
1585 3071 1638 3107 fin
1652 3073 1788 3118 llegue
