2020 3464
863 227 1086 264 ΑΡΡΕΝοιΧ
1716 228 1756 264 81
1767 235 1782 263 1

149 322 477 380 diligentiaque
504 325 666 369 fratres
692 325 740 367 in
760 327 848 368 hoc
874 339 1015 368 vnum
1042 324 1329 378 incumbunt,
1360 331 1410 367 vt
1438 323 1787 368 constitutiones

150 383 428 440 regulaeque
448 390 706 437 seruentur,
731 384 905 428 animos
926 391 1084 428 sancta
1098 383 1357 429 obedientia
1373 384 1430 428 ad
1447 383 1629 439 quiduis
1646 397 1787 439 expo-

149 441 261 486 sitos
297 457 476 499 semper
505 450 778 500 paratosque
814 443 1033 488 inueniat.
1075 445 1143 487 Ex
1179 458 1270 499 quo
1307 444 1375 497 fit,
1415 450 1465 486 vt
1501 449 1785 486 constantem

149 502 390 557 quemdam
411 502 459 545 in
480 502 719 548 vocatione
741 503 906 548 mentis
921 503 1127 560 vigorem
1152 503 1251 560 ipsa
1266 503 1422 546 vultus
1436 502 1662 546 hilaritate
1678 517 1786 559 prae

151 575 202 605 se
223 562 425 605 ferant...
455 563 484 604 ¹.

944 630 994 663 21

237 680 314 722 Ex
340 681 424 724 litt.
456 681 687 737 quadrim.
714 682 1001 724 Ferdinandi
1022 682 1176 724 Pires.
1203 681 1487 733 Braclzarae,
1511 691 1536 722 Ι
1557 679 1785 736 januarii

150 741 398 792 1562.—...
425 742 476 783 In
497 740 723 796 praesenti
744 755 902 784 sumus
923 740 997 784 hic
1013 755 1202 784 numero
1224 750 1292 794 15,
1313 754 1505 794 quorum
1529 750 1554 793 7
1572 739 1783 782 sacerdo-

148 804 231 850 tes,
256 798 418 854 reliqui
440 800 465 842 8
488 806 596 842 sunt
616 799 732 842 laici.
760 799 1099 856 Occupationes
1119 814 1211 842 non
1240 799 1352 843 aliae
1380 805 1487 841 sunt
1518 804 1655 853 atque
1681 798 1783 840 illae

144 858 346 912 eaedem,
367 858 533 913 quibus
544 874 600 902 ex
616 858 826 902 instituto
842 867 998 903 nostro
1015 858 1316 911 assueuimus;
1337 858 1498 913 modus
1508 857 1783 913 procedendi

143 914 182 959 is
203 923 273 961 est
300 917 502 971 omnino,
534 932 669 974 quem
703 918 898 974 primum
929 921 1065 962 Pater
1092 917 1267 962 Natalis
1295 916 1623 974 praescriptum
1651 915 1782 959 nobis

79 1010 81 1012 .
143 977 495 1030 commendauit,
526 985 572 1021 et
608 977 655 1020 in
692 974 856 1022 nostra'
873 979 963 1022 fide
991 992 1044 1021 ac
1080 977 1301 1034 religione
1337 975 1562 1032 deposuit.
1602 974 1782 1019 Deinde

144 1035 282 1080 Pater
308 1036 598 1092 prouincialis
634 1038 864 1081 Gonsalus
895 1039 1008 1090 Vaz,
1039 1051 1144 1081 cum
1177 1051 1261 1080 nos
1288 1035 1508 1087 visitaret,
1539 1034 1782 1091 praecipue

142 1095 481 1140 commendauit
501 1096 652 1140 omnia
673 1111 742 1150 ea,
768 1112 885 1153 quae
907 1096 1071 1141 tradita
1099 1097 1294 1148 fuerant,
1326 1094 1596 1138 articulatim
1618 1092 1780 1137 distin-

143 1160 307 1210 cteque
328 1157 596 1212 exponendo
617 1162 663 1201 et
685 1157 1062 1201 communicando
1084 1155 1380 1200 nobiscum...
1405 1155 1439 1198 ³.

231 1274 308 1316 Ex
329 1274 412 1317 litt.
445 1275 677 1331 quadrim.
709 1291 738 1318 a
765 1224 1255 1331 nemineziubscriptis.
1287 1275 1477 1327 Eborae,
1501 1272 1528 1315 8
1548 1272 1778 1330 Januarii

144 1334 391 1386 1562.—...
425 1335 543 1377 Cum
565 1349 666 1379 sese
687 1335 978 1379 Conimbrica
1000 1334 1070 1392 [P.
1102 1334 1263 1394 Nadal]
1291 1334 1349 1377 ad
1376 1348 1460 1376 nos
1488 1331 1773 1384 contulisset,

139 1391 382 1446 quominus
402 1408 456 1437 ea
478 1402 842 1450 persequeretur,
867 1409 985 1451 quae
1006 1395 1064 1438 ad
1084 1396 1172 1437 hoc
1187 1400 1393 1438 nostrum
1409 1391 1653 1448 collegium
1671 1405 1775 1447 spe-

139 1452 340 1505 ctabant,
365 1452 650 1499 incommoda
673 1454 936 1509 ualetudine
955 1453 1199 1510 impeditus
1221 1460 1305 1497 est.
1332 1454 1484 1509 Quam
1506 1452 1564 1494 ob
1591 1465 1775 1494 causam

139 1510 466 1567 Olysipponem
489 1521 675 1557 coactus
703 1513 1000 1570 demigrauit3
1024 1514 1146 1558 vnde
1166 1514 1302 1570 paulo
1330 1518 1433 1569 post
1454 1512 1584 1554 firma
1611 1524 1772 1565 corpo-

137 1567 198 1612 ris
219 1570 546 1616 constitutione
574 1574 631 1616 ad
652 1587 735 1616 nos
756 1573 948 1626 reuenit,
980 1587 1182 1629 remque,
1215 1587 1350 1628 quam
1378 1571 1636 1614 inchoatam
1668 1569 1773 1611 reli-

137 1636 314 1684 querat,
339 1644 443 1674 cum
465 1646 633 1688 magno
650 1632 851 1676 omnium
880 1633 1070 1676 fratrum
1099 1633 1404 1678 emolumento
1431 1638 1569 1686 atque
1596 1628 1771 1672 animo-

136 1702 237 1731 rum
260 1690 412 1734 fructu
433 1691 679 1747 expediuit.

225 1749 384 1804 Itaque
410 1749 458 1793 in
484 1751 684 1807 suscepti
712 1750 885 1807 negotii
913 1752 1231 1808 perfunctione
1263 1764 1354 1793 non
1383 1748 1611 1792 modicum
1639 1746 1771 1790 nobis

135 1807 193 1850 ad
214 1821 348 1852 omne
370 1809 591 1853 uirtutum
613 1825 761 1867 genus
777 1810 1120 1855 incitamentum
1142 1809 1330 1862 addidit,
1350 1823 1436 1853 nec
1457 1823 1550 1855 non
1571 1807 1618 1849 in
1637 1805 1769 1850 suaui

135 1866 376 1911 Societatis
411 1868 598 1914 uiuendi
634 1869 807 1914 ratione
843 1870 1020 1915 erudite
1055 1884 1165 1914 sane
1201 1884 1254 1913 ac
1290 1869 1518 1925 sapienter
1553 1865 1765 1910 instituit.

136 1927 322 1971 Praeter
342 1942 421 1971 eos
443 1928 562 1973 enim
585 1944 831 1981 sermones,
855 1944 969 1986 quos
990 1930 1048 1975 de
1067 1936 1223 1973 nostro
1239 1929 1448 1972 instituto
1464 1925 1649 1971 alternis
1670 1925 1767 1969 die-

132 1985 219 2029 bus
234 1987 408 2039 habuit,
424 1988 624 2044 priuatas
641 1988 776 2033 etiam
794 1989 1130 2034 exhortationes
1146 1989 1204 2033 ad
1221 1989 1478 2044 augendam
1496 1984 1633 2029 animi
1649 1985 1767 2028 salu-

133 2050 223 2087 tem
250 2046 466 2101 perutiles
502 2062 606 2091 cum
644 2049 859 2104 quadam,
892 2056 942 2092 ut
969 2049 1099 2101 solet,
1130 2048 1413 2092 humanitate
1439 2061 1493 2090 ac
1523 2046 1766 2089 uerborum

130 2103 316 2150 leuitate
339 2106 600 2162 frequenter
621 2107 842 2151 adhibuit.
1637 2138 1642 2142 -

219 2165 289 2208 Ne
327 2179 436 2209 uero
473 2166 643 2222 aliquid
674 2167 1129 2223 praetermitteretur,
1161 2168 1284 2223 quod
1310 2168 1428 2209 hanc
1457 2164 1555 2210 eius
1582 2177 1764 2219 operam

129 2221 325 2277 iuuaret,
363 2223 505 2280 ipsius
533 2225 677 2281 iussu,
712 2226 872 2270 animis
899 2226 1143 2284 superioris
1173 2226 1293 2270 uitae
1321 2225 1531 2269 sordibus
1558 2221 1766 2267 semestri

130 2282 418 2327 confessione
434 2284 641 2341 expiatis,
660 2300 764 2329 cum
778 2301 952 2342 preces,
973 2301 1086 2342 quas
1101 2285 1280 2329 litanias
1296 2291 1480 2336 uocant,
1492 2285 1591 2326 Deo
1608 2295 1765 2325 omnes

130 2341 368 2396 fudissent,
393 2357 534 2400 seque
559 2345 729 2402 flagris,
755 2354 807 2388 ut
834 2360 931 2389 mos
958 2353 1028 2389 est
1049 2345 1281 2398 Societati,
1311 2342 1625 2395 caecidissent,
1656 2347 1765 2383 uota

129 2414 234 2444 cum
249 2401 433 2458 'ingenti
454 2403 706 2448 animorum
730 2406 964 2461 uoluptate
985 2405 1278 2462 repetierunt.

218 2460 433 2507 Eiusdem
455 2477 588 2519 porro
609 2464 831 2508 industria
852 2466 1065 2508 effectum
1086 2471 1156 2508 est
1173 2471 1224 2507 ut
1244 2477 1402 2507 omnes
1423 2461 1557 2505 simul
1579 2466 1763 2516 tyrones

129 2533 234 2562 cum
256 2535 340 2564 suo
360 2522 581 2579 magistro
608 2523 656 2567 in
687 2539 869 2568 recessu
892 2525 1087 2580 quodam
1115 2539 1141 2568 a
1168 2523 1342 2579 reliqua
1368 2523 1505 2565 domo
1535 2518 1762 2563 disiuncto

128 2578 439 2625 habitarent...
466 2583 498 2625 ³.
1352 2590 1354 2593 ’

844 2650 845 2655 ’
913 2650 972 2684 23

215 2699 275 2741 Ρ.
306 2699 581 2744 Emmanuel
606 2702 817 2754 Alvarez,
848 2703 988 2745 Patri
1013 2704 1202 2747 Lainez.
1233 2700 1558 2751 Conimbricae,
1573 2697 1758 2754 sauua—

125 2758 197 2799 rz'o
226 2759 469 2812 1562.—...
503 2761 556 2804 El
593 2762 741 2806 Padre
776 2761 1027 2818 prouincial
1054 2777 1112 2818 ya
1133 2764 1191 2806 ha
1212 2763 1309 2805 dias
1337 2774 1426 2816 que
1454 2761 1551 2803 esta
1572 2758 1677 2812 aqui
1700 2769 1758 2799 en

123 2815 351 2861 Coimbra.
384 2819 524 2864 Entre
551 2827 674 2864 otras
703 2835 833 2865 cosas
870 2836 920 2865 se
955 2835 1130 2878 occupa
1160 2837 1219 2866 en
1247 2828 1391 2864 tomar
1413 2823 1579 2862 cuenta
1606 2815 1663 2859 de
1690 2814 1757 2856 las

199 2973 206 2992 ¹
258 2971 318 3005 Ex
335 2971 452 3018 Hisp.
472 2972 510 3007 E
538 2973 602 3008 ist.
621 2974 730 3018 1562.
750 2975 825 3019 IV,
844 2975 910 3010 fol.
934 2975 1013 3011 162.

196 3020 209 3039 “³
260 3018 318 3052 Ex
335 3019 463 3055 Lusit.
515 3021 612 3066 pist.
632 3021 849 3068 1561-1563.
871 3023 925 3065 II,
945 3022 1011 3059 fol.
1032 3022 1101 3069 248
1122 3025 1147 3057 ¹.

197 3065 210 3085 ⁵
260 3065 379 3112 Ibid.,
397 3065 463 3104 fol.
484 3075 565 3113 510.
