2066 3536
776 270 965 307 ComcEs
990 271 1035 307 P.
1062 270 1214 307 NADAL
1708 282 1820 311 van

172 370 259 415 nis:
288 372 433 416 «Cum
454 378 670 430 ageretur
689 373 748 417 de
768 373 1090 418 contrahendis
1119 372 1310 431 Regulis
1336 370 1391 417 in⁴
1412 374 1631 419 minorem
1659 390 1821 421 nume-

174 464 292 505 rum;
324 457 371 494 et
396 450 454 495 de
481 450 869 494 admonitionibus
899 452 952 494 P.
984 450 1161 495 Natalis
1193 450 1239 493 in
1268 450 1492 509 Hispania
1512 458 1559 497 et
1588 452 1695 497 alibi
1716 454 1822 499 reli-

174 528 262 572 ctis
282 528 330 572 in
350 542 491 573 manu
519 528 876 573 Provincialium
905 528 1228 583 retinendis,...
1261 530 1576 588 Congregatio
1602 531 1649 574 id
1677 538 1822 576 totum

175 606 492 651 definitoribus
513 606 783 651 commisit.»
812 609 954 651 Porro
975 609 1059 651 has
1080 607 1417 652 admonitiones
1438 607 1551 652 nihil
1572 609 1697 653 aliud
1717 618 1825 654 sunt

177 699 313 742 quam
334 686 483 730 codex
504 687 559 730 P.
583 686 748 740 Nadal‚
773 701 927 744 supra,
952 701 998 730 n.
1026 696 1070 742 5,
1094 685 1367 744 descriptus.

866 812 1053 853 Codex
1078 812 1149 853 14

270 939 288 962 <1
300 922 578 966 Collectanea
612 922 667 966 de
704 923 931 966 Instituto.
987 922 1079 966 Vol.
1122 922 1161 966 I.
1172 923 1374 966 »—Hoc
1411 921 1545 966 titulo
1581 921 1828 981 insignitur

176 999 322 1044 codex
343 999 391 1043 in
421 999 519 1056 fol.,
550 999 629 1057 qui
657 999 846 1058 triginta
865 1007 913 1045 et
935 999 1129 1057 amplius
1157 1000 1381 1057 opuscula
1402 1000 1720 1057 complectitur
1745 1017 1828 1047 va—

137 1118 139 1120 .
177 1077 347 1122 riorum
369 1085 623 1122 auctorum.
665 1079 763 1123 Sub
800 1092 990 1122 numero
1029 1078 1055 1120 8
1093 1077 1318 1135 reperitur
1349 1077 1502 1122 brevis
1539 1085 1777 1133 tractatus,
1803 1095 1830 1124 a

181 1158 233 1199 P.
259 1157 422 1210 Nadal,
448 1163 499 1200 ut
520 1155 717 1211 videtur,
743 1155 1038 1214 compositus,
1058 1162 1105 1200 et
1126 1155 1184 1200 ab
1201 1155 1289 1199 alio
1306 1163 1535 1210 exaratuS,
1556 1156 1631 1200 cui
1648 1156 1825 1201 titulus:

184 1235 282 1278 «De
307 1234 484 1279 ratione
509 1233 829 1292 collegiorum,
862 1248 980 1290 quae
1007 1233 1226 1279 Societati
1263 1232 1472 1278 Nominis
1494 1235 1606 1292 Jesu
1640 1234 1830 1292 erigun-

180 1318 299 1356 tur.»
325 1313 538 1369 Quatuor
559 1312 677 1357 foliis
704 1319 900 1366 constat,
941 1326 1135 1368 quorum
1158 1318 1336 1357 tantum
1363 1312 1457 1356 duo
1484 1311 1636 1369 priora
1662 1312 1831 1370 scripta

180 1397 303 1435 sunt.
330 1391 374 1435 A
411 1397 545 1448 tergo
581 1390 731 1447 quarti
769 1389 862 1434 folii
899 1391 1013 1434 haec
1035 1404 1173 1434 manu
1213 1391 1266 1433 P.
1302 1390 1450 1435 Nadal
1486 1397 1671 1434 exarata
1703 1397 1827 1434 sunt:

184 1469 418 1527 «Regulae
438 1472 480 1513 et
505 1467 513 1528 1
540 1469 855 1512 annotationes
876 1467 1192 1511 inemendatae
1220 1471 1262 1511 et
1296 1467 1445 1511 adhuc
1482 1467 1827 1512 consulendae.»

180 1547 358 1592 Deinde
385 1547 434 1591 in
460 1547 619 1592 eadem
647 1546 817 1605 pagina
844 1553 915 1591 est
942 1547 1121 1590 Nomen
1143 1547 1256 1604 Jesu
1278 1545 1450 1590 circulo
1470 1545 1716 1600 inclusum,
1741 1545 1828 1590 im-

182 1626 382 1682 perfecte
398 1625 509 1670 satis
530 1625 824 1670 delineatum.
1750 1621 1753 1626 '

272 1704 370 1750 Sub
398 1720 444 1748 n.
469 1719 498 1763 9
520 1703 743 1761 reperitur
766 1710 1004 1757 tractatus,
1029 1710 1081 1746 ut
1109 1702 1289 1747 videtur
1317 1701 1454 1747 etiam
1482 1717 1510 1746 a
1537 1702 1684 1747 Nadal
1705 1717 1832 1746 com-

182 1781 374 1839 positus,
399 1783 456 1826 de
477 1781 680 1826 oratione
702 1788 748 1826 et
769 1781 931 1839 spiritu
953 1780 1134 1838 proprio
1156 1780 1401 1826 Societatis
1416 1782 1544 1839 Jesu.
1571 1781 1654 1824 Est
1670 1779 1832 1837 palim-

184 1867 380 1917 psestus,
400 1861 523 1916 quod
539 1859 856 1917 complectitur
874 1871 928 1903 22
946 1858 1138 1916 paginas
1153 1858 1202 1902 in
1220 1857 1342 1912 folio,
1359 1873 1387 1902 a
1402 1857 1589 1902 librario
1605 1865 1830 1910 exaratas,

183 1946 230 1983 et
251 1954 278 1982 a
298 1939 446 1983 Nadal
467 1939 745 1982 emendatas.
767 1939 1035 1995 Sequuntur
1051 1936 1309 1982 immediate
1326 1936 1414 1981 alia
1437 1947 1485 1992 15
1504 1937 1553 1980 ff.
1579 1935 1829 1989 dimidiata,

185 2017 400 2074 oblonga,
425 2015 576 2061 omnia
598 2031 624 2059 a
647 2015 793 2060 Nadal
815 2015 983 2072 scripta
1011 2015 1069 2059 de
1088 2016 1249 2059 eodem
1271 2020 1561 2072 argumento,
1593 2013 1673 2058 ubi
1702 2014 1833 2071 plura

184 2093 367 2138 virtutis
403 2093 607 2138 subsidia
638 2092 780 2137 latino
812 2107 1020 2137 sermone
1048 2093 1362 2136 enucleantur.
1403 2091 1490 2135 His
1527 2091 1726 2136 insertus
1762 2099 1832 2136 est

185 2171 301 2216 alius
337 2172 483 2216 codex
509 2171 667 2216 eadem
699 2171 842 2215 forma
865 2171 1082 2228 oblonga,
1112 2169 1161 2213 in
1183 2169 1422 2223 semifolio,
1447 2168 1684 2226 hispanice
1720 2183 1832 2212 con-

187 2249 404 2307 scriptus,
445 2249 523 2306 qui
551 2261 603 2304 14
638 2249 687 2292 ff.
727 2254 924 2303 constat,
954 2247 1118 2305 partim
1152 2263 1179 2292 a
1206 2247 1352 2291 Nadal
1388 2245 1551 2304 partim
1589 2262 1616 2290 a
1646 2245 1832 2290 librario

188 2326 400 2383 exaratis,
425 2334 471 2372 et
491 2327 550 2371 de
571 2325 776 2384 collegiis
803 2340 857 2370 ac
883 2326 941 2370 de
966 2332 1229 2370 nostrorum
1250 2323 1626 2369 scholasticorum
1649 2323 1834 2367 institu-

190 2405 314 2450 tione
334 2412 381 2450 et
401 2404 651 2449 domestica
671 2402 910 2461 disciplina
936 2402 1048 2460 agit.

279 2484 376 2529 Sub
393 2483 554 2527 eodem
590 2496 780 2526 numero
817 2481 1001 2525 tandem
1024 2480 1110 2525 tria
1145 2482 1194 2524 ff.
1227 2480 1409 2538 integra
1446 2482 1499 2524 P.
1525 2479 1674 2524 Nadal
1694 2493 1832 2522 manu

189 2560 447 2618 conscripta
471 2566 742 2616 sequuntur,
774 2558 854 2602 ubi
881 2558 1006 2603 varia
1033 2558 1092 2602 de
1118 2558 1323 2603 oratione
1344 2573 1426 2615 pro
1458 2555 1701 2603 Societatis
1722 2557 1834 2614 Jesu

191 2638 387 2684 alumnis
409 2638 665 2682 traduntur.

284 2716 589 2761 «Collectanea
610 2715 664 2758 de
700 2715 926 2758 Instituto.
977 2714 1068 2758 Vol.
1118 2714 1246 2757 VIII.
1257 2714 1446 2758 »—Hoc
1484 2709 1615 2756 titulo
1650 2716 1836 2755 notatur

189 2795 350 2849 codex,
369 2794 501 2852 plura
516 2793 738 2851 opuscula
753 2793 810 2836 de
826 2792 964 2836 rebus
980 2791 1223 2837 Societatis
1238 2792 1562 2849 complectens,
1582 2789 1701 2832 inter
1716 2802 1834 2844 quae

190 2879 261 2918 est
286 2871 535 2930 disputatio
561 2872 618 2915 de
654 2869 935 2929 professione
964 2876 1011 2914 et
1037 2871 1193 2923 choro,
1225 2884 1308 2926 pro
1342 2867 1607 2913 defensione
1634 2865 1835 2910 Instituti

191 2950 447 2997 Societatis.
464 2951 612 2994 —Est
648 2950 961 3006 apographum
1003 2962 1096 2992 non
1138 2954 1443 2992 numeratum.
1485 2946 1662 2989 Auctor
1696 2942 1835 2999 hujus

193 3027 350 3086 scripti
370 3027 550 3072 videtur
569 3041 670 3072 esse
694 3028 746 3070 P.
771 3026 934 3079 Nadal,
954 3024 999 3068 in
1018 3023 1225 3082 margine
1241 3024 1362 3068 enim
1378 3022 1551 3080 primae
1567 3019 1762 3078 paginae
1778 3019 1835 3062 ad

194 3106 466 3165 principium
486 3107 617 3158 haec,
641 3104 801 3162 ignota
822 3117 961 3148 manu
982 3102 1166 3159 scripta,
1198 3103 1507 3159 reperiuntur:
1544 3098 1664 3142 «P.is
1692 3099 1826 3141 Nata-
