2020 3464
804 284 1030 326 AppEme
1663 293 1734 336 755

176 382 254 430 Sic
274 398 387 441 ergo
408 383 529 429 laeto
550 384 717 438 animo,
742 391 789 430 et
806 400 897 429 una
912 399 1017 428 cum
1040 386 1376 440 benedictione,
1401 400 1536 443 quam
1559 384 1624 428 illi
1644 387 1735 429 Pa-

89 452 159 490 ter
178 443 321 497 dedit,
346 443 556 488 discessit
572 459 676 488 cum
697 447 833 488 Patre
849 444 1000 488 Natali
1018 445 1234 490 Messina.
1259 446 1352 491 Sed
1367 445 1415 488 in
1432 445 1732 501 Lampadosa,

89 504 217 548 iuxta
229 503 448 556 Africam,
463 503 583 560 passi
600 511 708 547 sunt
723 504 1031 560 naufragium,
1044 511 1149 549 octo
1166 506 1285 549 enim
1306 504 1510 550 triremes
1526 505 1735 549 submer-

90 565 335 620 gebantur,
359 570 406 607 et
432 577 536 607 cum
559 563 647 606 illis
675 564 915 619 plusquam
945 563 1068 608 mille
1098 564 1290 609 animae.
1322 565 1483 608 Frater
1503 579 1614 608 vero
1647 578 1734 607 no-

91 630 199 676 ster,
225 623 384 667 volens
405 637 455 666 se
476 637 746 666 conservare
768 637 795 665 a
817 629 1101 678 tempestate,
1127 639 1219 668 non
1241 623 1408 680 potuit3
1428 624 1509 667 sed
1531 637 1586 666 ex
1609 622 1736 666 colli-

91 682 220 727 sione
240 681 425 726 navium
447 682 730 725 confractum
751 688 822 725 est
849 681 911 724 illi
934 683 1186 735 brachium,
1212 684 1327 727 adeo
1349 690 1399 726 ut
1421 683 1536 739 pelle
1560 689 1734 725 tantum

90 741 271 799 corpori
302 742 584 784 adhaereret.
625 742 878 786 Revertens
914 748 1066 786 autem
1096 742 1144 785 in
1180 742 1350 795 navim,
1383 744 1436 785 P.
1469 741 1644 786 Natalis
1681 742 1738 785 ad

90 801 440 845 confortandum
462 800 655 854 socium,
681 799 854 844 audivit
875 801 1208 846 confessionem
1232 801 1352 855 eius;
1379 815 1470 856 qua
1491 801 1635 853 finita,
1660 815 1738 844 ro-

35 878 45 888 ·
90 860 218 918 gavit
238 859 337 916 ipse
359 862 542 904 Patrem
560 867 611 903 ut
633 860 860 904 triremem
878 858 1002 903 exire
1018 861 1172 913 vellet,
1193 860 1279 904 nisi
1303 874 1459 905 secum
1477 859 1624 917 perire
1641 861 1739 904 vel—

90 921 175 965 let:
208 919 333 964 omni
369 926 522 963 autem
550 926 785 964 momento
818 919 1007 962 fundum
1043 921 1363 976 expectabant,
1403 920 1500 964 nec
1520 920 1618 976 ipse
1649 934 1742 962 uno

64 1036 67 1038 v
90 986 268 1023 tantum
289 978 476 1022 brachio
497 994 547 1024 se
568 978 727 1024 iuvare
749 985 940 1035 poterat.
1012 986 1024 1001 ¹

180 1039 298 1083 Cum
321 1053 434 1095 ergo
464 1040 601 1082 Pater
628 1045 750 1083 esset
777 1051 1009 1095 egressuS,
1036 1044 1147 1081 tunc
1174 1037 1376 1081 Isidorus
1404 1037 1599 1081 subinde
1630 1052 1741 1081 suos

91 1099 149 1142 ad
165 1106 356 1142 mortem
378 1098 667 1142 confortabat
687 1105 734 1142 et
755 1098 813 1141 ad
829 1097 1114 1140 moriendum
1138 1098 1342 1153 parabat,
1367 1112 1489 1140 mors
1510 1097 1630 1141 enim
1654 1096 1742 1140 illis

92 1158 181 1202 iam
203 1159 262 1202 ob
285 1158 445 1202 oculos
466 1158 734 1202 versabatur
755 1173 765 1201 :
790 1156 944 1201 subito
966 1171 1095 1213 ergo,
1119 1156 1306 1202 vidente
1327 1159 1415 1200 hoc
1439 1159 1576 1201 Patre
1597 1158 1741 1200 Nata-

92 1217 148 1272 li,
179 1224 277 1261 tota
309 1216 439 1261 navis
468 1217 867 1273 submergebatur,
898 1223 944 1260 et
971 1216 1050 1272 qui
1078 1216 1126 1259 in
1160 1231 1214 1260 ea
1250 1223 1394 1261 erant.
1432 1217 1550 1260 Cum
1586 1223 1739 1260 autem

95 1279 149 1321 P.
174 1276 350 1322 Natalis
372 1292 428 1322 ex
446 1276 604 1320 Africa
619 1275 844 1328 rediisset,
864 1275 977 1319 dixit
1001 1275 1126 1319 Patri
1143 1283 1317 1320 nostro:
1342 1275 1531 1320 «Misisti
1549 1290 1640 1330 me,
1659 1289 1742 1319 seu

93 1343 279 1394 propter
301 1343 424 1379 tuam
456 1335 727 1381 sententiam
760 1335 826 1378 fui
858 1335 977 1380 inter
1004 1335 1191 1390 milites;
1222 1336 1305 1380 sed
1332 1349 1425 1379 non
1453 1336 1601 1391 placet
1628 1334 1739 1377 mihi

93 1395 213 1441 inter
233 1396 334 1441 illos
355 1395 526 1449 vivere,
551 1395 662 1452 quin
683 1394 836 1452 potius
852 1402 962 1451 opto
982 1394 1118 1438 vitam
1135 1394 1471 1452 religiosorum,
1492 1402 1538 1439 et
1559 1402 1742 1438 nostrae

94 1455 384 1501 Societatis.»
1133 1458 1136 1459 ’

886 1562 944 1605 III

689 1640 948 1683 ANTONIUS
980 1640 1140 1684 Vmcx

558 1701 710 1743 PATR1
738 1700 916 1757 JOANNI
950 1713 1014 1743 DE
1047 1700 1278 1743 POLANco

482 1771 736 1823 Messanae,
773 1781 829 1824 24
860 1769 1134 1813 Novembris
1172 1780 1277 1825 1551
1321 1772 1348 1813 ¹.

326 1848 387 1883 De
405 1847 605 1895 regimine
621 1846 950 1882 scholasticorum
971 1846 1182 1882 Societatis
1198 1847 1271 1882 sub
1289 1848 1336 1882 P.
1359 1847 1509 1883 Nadal.

907 1911 936 1969 †

188 1993 253 2036 La
280 1989 428 2048 gratia
458 1995 503 2034 et
531 2002 644 2046 pace
671 1987 717 2031 di
746 1988 931 2033 Christo
962 1996 1119 2032 nostro
1149 1988 1338 2046 Signor,
1374 2005 1553 2047 sempre
1587 2005 1740 2035 cresca

96 2051 204 2096 nelli
226 2050 357 2094 cuori
379 2048 537 2092 nostri.
564 2049 730 2092 Amen.

187 2113 277 2155 Per
297 2108 545 2165 responder
567 2122 594 2150 a
615 2122 704 2150 vna
725 2106 771 2150 di
794 2108 851 2151 V.
878 2108 933 2150 R.
960 2106 1183 2152 attinente
1211 2108 1287 2152 alli
1314 2108 1445 2154 litere
1478 2116 1525 2153 et
1552 2109 1744 2152 orationi

95 2172 182 2215 che
203 2169 241 2214 si
263 2170 520 2214 obseruano
544 2181 634 2222 qua
654 2167 724 2210 fra
740 2166 771 2209 li
792 2166 1001 2218 scholari,
1021 2166 1052 2209 il
1070 2168 1124 2210 P.
1146 2169 1193 2211 M
1201 2172 1277 2210 ,tro
1299 2169 1447 2212 Nadal
1465 2169 1525 2211 mi
1543 2171 1600 2212 ha
1618 2175 1744 2212 com-

95 2244 246 2274 messo
267 2230 354 2273 che
374 2227 417 2271 io
438 2228 482 2270 lo
504 2225 729 2270 scriuesse
750 2232 914 2281 questo
936 2227 1023 2270 che
1043 2225 1238 2281 sequita.

186 2288 239 2335 Li
262 2286 456 2332 scholari
479 2285 588 2342 ogni
611 2285 775 2342 giorno
798 2284 978 2329 sentino
1000 2285 1044 2327 la
1064 2285 1217 2329 missa.
1243 2287 1309 2330 Le
1332 2286 1448 2330 feste
1470 2294 1515 2330 et
1537 2287 1580 2331 le
1596 2286 1743 2330 domi—

98 2348 234 2393 niche
254 2347 396 2391 vdino
418 2345 556 2389 missa
578 2352 624 2389 et
645 2345 688 2387 la
710 2343 909 2400 predica.
936 2343 990 2387 Li
1013 2345 1199 2389 venerdi
1221 2346 1265 2388 13
1286 2345 1482 2390 lectione
1504 2347 1622 2389 della
1651 2345 1747 2388 vita

99 2408 145 2451 di
167 2407 368 2452 ChristO.
397 2404 524 2461 Ogni
546 2419 670 2448 mese
692 2403 730 2446 si
752 2404 1043 2447 confessario.
1069 2405 1269 2460 Quando
1299 2404 1480 2448 intrano
1509 2412 1555 2449 et
1583 2419 1749 2449 escano

101 2468 219 2512 delle
243 2466 412 2518 schole,
440 2465 578 2507 fanno
600 2477 694 2506 vno
712 2477 827 2518 poco
844 2461 891 2504 di
905 2462 1128 2516 oratione,
1153 2465 1356 2508 secundo
1378 2466 1463 2508 che
1479 2464 1682 2520 voglino,
1702 2472 1748 2508 et

104 2526 466 2576 chiascheduno,
491 2522 693 2566 secundo
715 2522 758 2565 13
781 2536 863 2565 sua
884 2521 1104 2578 capacita;
1129 2521 1208 2578 piu
1229 2522 1259 2566 li
1282 2523 1441 2579 figlioli
1463 2523 1593 2567 cheli
1610 2538 1746 2580 gran-⁷

100 2586 162 2629 di.
188 2587 239 2629 In
259 2586 303 2628 la
325 2584 482 2627 schola
504 2582 648 2639 prima
669 2580 715 2623 di
738 2581 1005 2637 gramatica,
1037 2580 1204 2625 dicono
1232 2583 1326 2625 alta
1354 2596 1454 2625 voce
1481 2582 1636 2626 auanti
1665 2584 1749 2627 che

101 2659 287 2697 escano,
312 2644 358 2687 lo
382 2644 528 2686 Pater
549 2644 716 2693 noster,
740 2642 839 2683 Aue
861 2640 1036 2693 Maria,
1061 2641 1208 2684 Credo
1230 2643 1279 2684 in
1302 2643 1468 2694 Deum,
1490 2642 1627 2684 Salue
1655 2643 1748 2685 Re—

96 2705 219 2762 gina
240 2711 287 2748 et
320 2704 468 2746 Vnum
490 2701 580 2744 cole
602 2702 768 2752 Deum,
791 2707 836 2743 et
859 2714 963 2743 cum
981 2706 1146 2755 questo
1163 2708 1314 2745 metzo
1329 2701 1468 2756 quelli
1490 2703 1576 2745 che
1598 2716 1688 2744 non
1705 2701 1750 2744 10

100 2778 244 2807 sanno
267 2763 314 2805 10
337 2761 588 2818 imparano.
615 2760 674 2802 Et
695 2765 860 2814 questo
884 2765 1005 2802 tutto
1026 2772 1117 2802 non
1140 2767 1210 2804 est
1226 2760 1344 2803 cossi
1362 2761 1540 2803 firmato
1557 2762 1642 2804 che
1659 2775 1751 2804 non

99 2823 137 2866 si
160 2836 294 2880 possa
317 2827 511 2872 mutare,
529 2820 628 2862 rimo
649 2817 958 2874 qualsiuoglia
978 2819 1091 2861 hora
1112 2818 1480 2864 facillimamente
1501 2819 1539 2862 si
1561 2834 1620 2875 po
1649 2834 1744 2863 mu-

101 2890 214 2934 tare,
240 2881 436 2937 iungere
457 2883 485 2922 ό
505 2879 660 2922 leuare
682 2877 729 2919 in
755 2884 898 2932 parte,
923 2883 969 2920 et
998 2883 1120 2921 tutto
1148 2891 1277 2923 come
1310 2878 1481 2934 meglio
1515 2881 1748 2934 apparera.

103 2943 160 2985 Et
182 2948 346 2997 questo
368 2941 429 2982 ha
451 2939 565 2981 fatto
586 2936 617 2979 il
641 2939 695 2980 P.
720 2936 868 2980 Nadal
891 2936 998 2993 (non
1026 2936 1294 2994 stringendo
1324 2937 1355 2980 li
1378 2937 1539 2980 scolari
1561 2938 1621 2980 ad
1642 2951 1752 2981 exa-

104 3004 222 3044 ctam
245 3013 406 3043 rerum
430 2997 811 3050 obseruationem)
831 2996 1037 3052 sapendo
1061 3003 1106 3040 et
1129 2997 1357 3053 sperando
1381 2998 1465 3040 che
1483 3012 1562 3053 per
1579 2997 1753 3040 consti-

183 3134 194 3155 ¹
245 3131 303 3171 Ex
322 3129 578 3176 autographo,
596 3126 637 3163 in
656 3126 787 3175 Epist.
808 3126 962 3170 Mixtis,
985 3127 1064 3163 vol.
1083 3126 1132 3174 C,
1151 3128 1267 3165 unico
1285 3128 1370 3175 fol„
1390 3137 1455 3175 109
1472 3127 1585 3174 (362).
