2066 3490
866 271 1070 316 1507-1560
1745 272 1792 310 33

140 374 236 418 }ese
264 373 643 430 accompagnarlo
678 386 760 428 per
796 371 990 415 aiutarlo
1026 372 1102 415 nel
1129 371 1324 415 concilio
1353 371 1616 426 tridentino,
1646 388 1727 430 per
1763 374 1794 416 il

141 451 277 507 quale
296 447 330 493 11
349 451 534 494 sudetto
555 449 785 493 cardinale
812 463 891 492 era
917 448 1147 492 destinato
1168 450 1323 506 legato
1350 464 1377 492 a
1397 450 1539 494 latere
1566 451 1642 493 del
1668 465 1796 494 sorno

142 526 384 584 pontefice.
410 527 591 581 Natale,
615 541 754 570 senza
774 525 854 582 pisi
875 525 1133 583 indugiare,
1159 525 1401 570 abbraccio
1430 527 1459 569 l’
1490 526 1746 579 occasione,
1771 542 1798 572 e

143 619 195 649 se
215 619 276 649 ne
296 619 448 648 venne
469 619 497 648 a
517 605 678 647 Roma.

242 694 309 736 14.
375 681 594 725 Arriuato
616 683 703 725 che
725 681 775 724 fu
796 681 961 724 Natale
988 683 1015 724 a
1042 682 1187 723 Roma
1216 681 1246 723 Γ
1279 696 1418 734 311110,
1449 696 1579 725 601116
1606 682 1666 725 (13
1697 682 1798 725 altri

142 761 205 803 ho
225 758 390 812 inteso‚
427 769 539 813 1547
558 759 596 811 '¹,
621 759 742 802 ando
779 757 919 801 dritto
950 760 979 801 a
1003 758 1266 801 scaualcare
1297 757 1345 800 in
1373 772 1480 801 casa
1506 759 1582 802 del
1612 760 1798 802 sudetto

143 835 374 880 cardinale
398 837 545 879 Puteo
568 836 602 888 ²,
627 836 763 891 quale
784 834 815 877 li
839 835 938 878 fece
959 835 1136 891 grande
1157 834 1467 891 accoglienza,
1498 842 1545 879 et
1571 850 1654 892 per
1683 842 1751 879 tre
1772 850 1800 879 o

145 920 309 970 quatro
331 912 482 970 giomi
504 914 538 965 ⁵,
563 914 651 956 che
673 912 720 955 ui
742 919 876 964 stete,
901 926 1080 968 sempre
1106 912 1151 955 10
1179 912 1380 956 uuoleua
1406 914 1578 956 hauere
1605 926 1802 957 conseco

147 1006 175 1034 a
195 990 364 1034 tauola.
1058 1043 1059 1046 Ἴ

176 1070 179 1073 ’
241 1078 309 1123 15.
374 1069 467 1120 Ma,
487 1081 618 1111 come
635 1082 662 1110 a
678 1067 843 1111 Natale
858 1081 1076 1123 premeua
1091 1067 1123 1109 il
1139 1066 1366 1111 desiderio
1383 1067 1502 1111 della
1523 1054 1677 1123 (quiete
1692 1069 1799 1111 dell’

148 1144 299 1190 animo
327 1159 427 1198 suo,
458 1144 628 1201 passati
664 1143 772 1200 quei
807 1144 943 1200 pochi
974 1143 1141 1201 giomi,
1184 1145 1282 1188 fece
1309 1144 1539 1201 diligenza
1569 1144 1616 1187 di
1643 1159 1803 1201 sapere

149 1221 320 1266 doue'il
344 1223 398 1265 Ρ.
424 1221 605 1279 Ignatio
628 1222 769 1275 fusse,
795 1228 842 1264 et
870 1222 1128 1265 uenendolo
1157 1237 1184 1265 a
1212 1229 1395 1265 trouare
1422 1221 1502 1277 qui
1532 1223 1620 1265 3113
1647 1229 1803 1266 nostra

150 1304 258 1343 casa
276 1299 497 1356 professa,
522 1299 643 1342 nella
663 1298 820 1355 piazza
842 1299 888 1341 d’
912 1298 1099 1351 vAltieri,
1131 1313 1225 1342 non
1250 1300 1437 1342 lontano
1464 1299 1584 1342 della
1604 1306 1736 1356 porta
1756 1299 1803 1342 di

149 1377 302 1433 quella
324 1377 457 1420 trouo
478 1375 527 1418 in
547 1375 704 1432 piazza
724 1375 757 1418 il
787 1378 841 1419 P.
867 1375 1136 1420 Hieronimo
1166 1378 1450 1429 Domenech,
1481 1377 1541 1420 da
1567 1376 1632 1419 lui
1663 1378 1804 1420 molto

147 1456 240 1498 ben
261 1452 530 1497 conosciuto
550 1453 599 1495 in
621 1452 828 1510 Pariggi,
854 1453 886 1496 il
902 1454 1052 1509 quale,
1073 1467 1203 1497 come
1226 1454 1242 1474 ⁴
1261 1453 1367 1497 uide
1384 1454 1427 1497 al
1443 1461 1642 1497 maestro
1659 1455 1803 1498 Nata-

148 1533 208 1587 le,
227 1545 316 1575 con
336 1532 468 1588 gran’
493 1530 748 1587 allegrezza
762 1531 808 1574 lo
824 1531 991 1583 saluto,
1011 1538 1058 1574 et
1074 1531 1243 1584 subito,
1263 1533 1388 1574 senz’
1408 1530 1510 1574 altri
1532 1530 1801 1588 preambuli,

150 1608 430 1666 pigliandolo
451 1622 532 1664 per
553 1607 584 1651 il
605 1608 837 1661 mantello,
861 1607 894 1651 11
910 1607 1088 1651 diceua:
1118 1608 1374 1659 «Andiamo
1396 1623 1423 1651 a
1447 1609 1541 1652 fare
1557 1609 1587 1651 1’
1613 1608 1805 1652 esserci—

151 1686 248 1730 tii.»
274 1686 438 1730 Natale
458 1685 490 1728 li
511 1684 649 1728 disse:
679 1685 953 1729 «Menatemi
974 1686 1050 1729 dal
1073 1688 1127 1729 P.
1153 1685 1378 1743 Ignatio.»
1406 1687 1442 1729 Il
1465 1688 1518 1729 Ρ.
1537 1687 1805 1730 Domenech

150 1765 196 1807 lo
207 1764 320 1807 fece.
342 1763 522 1815 Natale,
543 1763 755 1806 uedendo
772 1762 804 1806 il
822 1764 875 1806 P.
898 1763 1093 1820 Ignatio‚
1114 1763 1145 1806 li
1162 1763 1300 1807 disse:
1325 1781 1342 1803 «
1350 1765 1422 1807 De
1439 1763 1545 1820 quei
1561 1763 1805 1820 compagni

150 1827 206 1884 di
218 1842 277 1885 V.
299 1842 354 1884 R.
375 1842 461 1883 che
477 1854 735 1883 conosceuo
752 1839 799 1882 in
818 1839 1025 1897 Pariggi,
1045 1839 1077 1882 il
1092 1840 1238 1897 primo
1255 1840 1317 1883 mi
1333 1842 1359 1884 6
1377 1855 1565 1884 occorso
1582 1840 1613 1883 il
1632 1843 1686 1884 P.
1706 1843 1804 1884 Do-

150 2024 286 2055 m'ense
304 2018 553 2062 Decembris,
573 2020 647 2054 sub
666 2019 772 2065 Julio
791 2019 862 2054 111.
888 2018 951 2054 Cf.
973 2019 1066 2054 MAS
1085 2019 1261 2063 LATRIE,
1288 2020 1432 2055 Tre'sor
1449 2021 1497 2055 de
1518 2019 1807 2068 Chronologie,

149 2079 224 2114 col.
248 2078 354 2114 1218.

223 2140 234 2160 ¹
286 2137 376 2173 Non
393 2149 496 2173 anno
516 2145 623 2183 1547,
642 2137 713 2173 sed
733 2146 839 2183 1545,
858 2138 1023 2173 Romam
1047 2137 1279 2184 pervenisse
1303 2139 1386 2174 P.m
1401 2138 1526 2175 Nadal
1552 2143 1705 2174 certum
1730 2144 1807 2174 est.

150 2197 252 2233 Vide
270 2209 401 2245 supra,
429 2196 580 2232 Chron.
600 2197 759 2240 Natal.,
778 2210 817 2232 n.
837 2196 898 2232 36.
924 2197 1034 2232 Idem
1060 2197 1312 2233 confirmatur
1336 2210 1386 2233 ex
1410 2197 1530 2234 variis
1554 2198 1734 2245 epistolis
1757 2199 1810 2233 ab·

151 2256 291 2293 eodem
307 2257 455 2292 Romae
473 2257 644 2292 exaratis
659 2261 751 2292 ante
768 2268 915 2292 annum
936 2265 1042 2302 1547,
1061 2268 1158 2304 quas
1176 2269 1248 2293 suo
1262 2257 1419 2304 proprio
1436 2259 1523 2293 loco
1540 2257 1736 2293 dabimus.

222 2319 238 2339 ²
287 2317 399 2352 Haec
414 2327 495 2352 non
512 2317 672 2352 omnino
689 2316 928 2352 concordant
945 2328 1033 2352 cum
1059 2317 1123 2362 iis,
1141 2329 1243 2364 quae
1267 2317 1308 2352 111
1332 2327 1404 2352 suo
1430 2317 1630 2354 Chronico
1653 2317 1810 2364 scripsit

153 2376 292 2412 Nadal.
311 2375 414 2411 Vide
432 2387 563 2423 supra,
585 2375 737 2412 Chron.
753 2376 912 2418 Natat„
932 2389 972 2411 n.
992 2375 1052 2422 37.

227 2437 242 2457 ³
291 2436 375 2471 Imo
398 2446 492 2471 vero
521 2434 568 2471 30
596 2435 738 2472 diebus
762 2435 804 2472 in
827 2436 933 2472 illius
957 2436 1072 2471 domo
1101 2435 1324 2484 hospitatus
1351 2442 1427 2481 est,
1453 2443 1496 2472 ut
1520 2437 1606 2484 ipse
1629 2436 1752 2472 refert
1770 2436 1813 2471 in

158 2494 325 2537 Chron„
345 2507 384 2529 n.
402 2503 464 2540 41.

225 2556 242 2577 ⁴
290 2555 385 2590 Post
401 2555 476 2590 hoc
493 2556 660 2591 verbum
677 2556 776 2591 haec
798 2555 907 2602 prius
935 2555 1148 2602 scripserat
1172 2555 1367 2602 Jimenez,
1392 2568 1493 2604 quae
1518 2561 1656 2602 postea
1687 2561 1811 2591 trans-

152 2624 268 2650 verso
284 2614 434 2650 calamo
451 2615 668 2651 cancellata
684 2620 789 2651 sunt:
811 2627 946 2650 «come
963 2615 997 2651 il
1010 2616 1148 2662 primo
1171 2616 1238 2651 dei
1260 2616 1454 2663 discepoli
1470 2616 1536 2651 del
1560 2616 1609 2650 P.
1629 2615 1814 2662 Ignatio,

143 2672 270 2720 fuori
297 2673 397 2708 delli
419 2674 527 2709 diece
554 2675 785 2722 compagni,
812 2686 839 2709 a
864 2674 980 2720 quali
1003 2686 1086 2710 non
1107 2674 1167 2722 fu
1189 2678 1428 2717 anouerato,
1455 2674 1600 2722 perche*
1630 2685 1711 2708 non
1740 2685 1813 2708 era

150 2743 304 2768 ancora
320 2733 539 2775 sacerdote,
557 2745 607 2768 ne
623 2734 786 2769 haueua
804 2733 832 2768 l’
852 2733 918 2768 eta
942 2735 1021 2780 per
1037 2745 1165 2769 essere
1194 2735 1357 2780 quando
1379 2734 1437 2781 fu
1454 2734 1573 2780 satta
1605 2733 1646 2767 la
1666 2732 1808 2779 prima

149 2791 458 2840 confirmatione
475 2794 555 2828 del'
574 2794 733 2829 istituto
756 2794 866 2829 della
893 2792 1190 2841 Compagnia.»
1209 2794 1260 2829 Et
1277 2805 1321 2828 re
1338 2793 1498 2840 quidem
1519 2803 1613 2827 vera
1636 2803 1715 2826 non
1735 2791 1814 2825 Do-

152 2853 319 2887 menech
336 2851 408 2887 sed
426 2852 567 2888 Strada
584 2853 733 2900 primus
752 2858 842 2900 post
858 2853 998 2888 decem
1016 2852 1163 2900 primos
1187 2853 1334 2900 Ignatii
1358 2852 1486 2889 socios
1510 2852 1550 2886 in
1569 2850 1811 2886 Societatem

153 2910 328 2947 adscitus
345 2910 434 2956 fuit,
453 2924 544 2947 nam
562 2924 699 2948 mense
718 2912 827 2959 Junii
856 2911 948 2958 1539
968 2912 1050 2958 jam
1074 2912 1278 2959 ingressus
1302 2913 1446 2956 fuerat,
1474 2917 1516 2946 ut
1541 2922 1590 2946 ex
1615 2910 1700 2956 ejus
1731 2911 1812 2956 epi-

155 2966 360 3005 stola-hoc
377 2974 514 3006 mense
537 2970 587 3006 ad
614 2971 815 3017 Ignatium
844 2971 937 3007 data
960 2971 1123 3006 eruitur.
1152 2971 1254 3007 Vide
1280 2972 1414 3018 Epist.
1435 2971 1600 3011 Mixtus,
1627 2970 1659 3013 I,
1688 2977 1813 3014 19—22-

158 3030 386 3064 Domenech
404 3041 498 3065 vero
523 3029 564 3066 in
587 3036 775 3066 autumno
806 3030 931 3077 ipsius
962 3029 1054 3065 anni
1078 3030 1320 3067 Societatem
1351 3030 1453 3075 iniit,
1483 3035 1525 3064 ut
1555 3030 1678 3064 habes
1708 3029 1814 3075 apud.

160 3088 381 3136 POLANCO,
402 3088 567 3127 Chron..
588 3090 620 3134 I,
639 3089 699 3134 82,
718 3084 758 3125 11.
781 3099 838 3126 12.

343 3158 454 3188 Emsr.
479 3160 513 3188 Ρ.
534 3159 670 3195 Num..
690 3167 766 3191 ron.
783 3160 809 3189 1.
1597 3161 1615 3188 3
