2020 3464
291 269 361 316 684
859 273 998 310 Emsr.
1026 271 1071 308 P.
1098 272 1369 318 NADAL-—192

292 372 654 430 maggiormente
674 375 857 431 perche,
882 374 978 418 solo
999 374 1112 430 loro,
1144 380 1305 432 queste
1327 372 1476 419 anime
1496 372 1536 418 si
1555 373 1776 431 perdono,
1801 372 1833 417 il
1859 373 1934 419 cui

293 449 460 495 sudore
481 451 691 506 beuem03
717 458 763 497 et
784 452 827 496 al
848 466 1010 496 manco
1032 451 1069 496 si
1091 451 1434 497 contentariano
1450 452 1535 495 che
1556 449 1588 494 li
1609 450 1753 495 nostri
1774 450 1816 495 ci
1840 451 1933 496 fos-

293 542 412 581 sero,
438 534 484 572 et
513 529 707 573 essendo
734 544 863 574 come
890 529 1059 586 proprii
1086 530 1144 572 de
1175 528 1281 583 essi,
1315 528 1483 586 meglio
1514 529 1572 572 da
1602 527 1679 572 noi
1710 530 1797 574 che
1826 528 1931 575 delli

293 604 489 659 officiali,
515 605 692 651 sariano
715 609 861 651 anche
883 606 961 664 pisi
981 606 1177 663 prompti
1200 607 1256 650 ad
1277 605 1387 663 ogni
1409 612 1565 650 nostro
1586 607 1838 650 commodo.

389 695 456 738 14.
523 683 616 740 Qui
649 690 850 742 tengono
876 699 967 728 vno
994 685 1215 741 parrocho
1247 683 1362 728 assai
1399 697 1582 741 grasso,
1617 684 1851 738 thodesco,
1884 683 1932 728 in

295 761 470 818 grande
491 760 783 806 estimacione
805 761 851 805 di
867 761 1012 816 dotto3
1032 776 1106 804 ma
1121 760 1195 818 poi
1211 761 1347 806 credo
1365 762 1423 805 ha
1439 775 1570 818 perso
1587 760 1704 805 assai
1720 761 1767 804 di
1783 762 1934 818 quella

294 836 339 880 in
362 853 454 882 vno
477 838 703 895 colloquio
725 841 900 884 hauuto
922 838 969 882 in
991 854 1120 883 cassa
1140 838 1204 882 dil
1225 853 1437 896 supremo
1459 838 1695 895 capitaneo
1717 839 1777 885 de
1797 838 1935 883 indu-

295 915 421 969 stria,
447 931 521 960 ma
540 930 627 960 con
648 930 781 973 pace:
813 916 851 960 si
874 923 1119 960 trouorono
1142 915 1292 960 alcuni
1313 915 1453 960 nobili
1475 915 1715 973 capitanei,
1741 923 1787 960 et
1814 916 1932 972 altri,

295 1000 341 1038 et
373 993 403 1037 il
437 993 806 1051 burgomaestro;
847 1000 893 1038 et
929 996 1075 1039 anche
1107 994 1256 1050 quello
1288 992 1351 1037 dil
1381 1009 1501 1038 anno
1532 985 1730 1051 passato,
1765 1010 1791 1039 e
1822 994 1935 1038 fatto

296 1071 533 1116 sacerdote
554 1073 611 1115 da
640 1070 816 1129 Filippo
845 1072 1148 1125 Melanctone,
1180 1079 1226 1115 et
1253 1071 1476 1115 maritato.
1516 1071 1679 1126 Qualis
1709 1072 1933 1126 sacerdos,

297 1149 384 1192 tale
414 1149 697 1206 sacrificium
726 1152 767 1192 et
785 1150 997 1206 populus.
1030 1149 1116 1194 Lui
1148 1150 1384 1193 cruciatur
1414 1153 1573 1193 nostra
1596 1150 1861 1206 praesentia
1891 1153 1934 1193 εί

297 1241 388 1269 non
410 1227 545 1270 audet
565 1227 728 1270 dicere.
756 1227 936 1271 Vedero
958 1241 1007 1271 se
1027 1227 1159 1284 potro
1187 1226 1517 1283 priuatamente
1544 1226 1768 1284 agiutarlo
1795 1242 1822 1270 a
1848 1227 1934 1270 che

296 1319 387 1348 non
409 1304 475 1348 sia
496 1305 539 1349 al
561 1306 754 1349 mancho
775 1304 814 1348 si
840 1304 1077 1362 sacrilego.
1105 1306 1331 1362 Vengono
1353 1319 1443 1361 qua
1469 1304 1656 1362 giouani
1684 1305 1743 1348 de
1763 1303 1932 1349 diuersi

295 1382 455 1440 luoghi
477 1398 503 1426 a
524 1382 743 1436 studiare,
768 1389 812 1426 et
835 1382 952 1427 saria
973 1383 1093 1426 bona
1114 1389 1302 1439 captura
1323 1381 1361 1427 si
1384 1383 1555 1427 fossero
1576 1381 1788 1440 piscatori
1815 1382 1932 1426 buo·

296 1458 358 1503 ni.
384 1461 420 1504 F
423 1474 551 1505 orsse
571 1459 662 1504 Dio
685 1460 726 1504 ci
747 1461 856 1504 dara
883 1461 1062 1504 alcuno.

392 1548 458 1593 15.
524 1537 644 1582 Delli
665 1537 820 1582 villani
846 1553 939 1582 non
966 1539 1104 1582 credo
1131 1545 1339 1595 potremo
1365 1540 1536 1584 hauere
1562 1537 1706 1583 niuno
1738 1540 1824 1584 che
1850 1552 1933 1582 vo-

295 1614 389 1672 glia
411 1616 552 1659 andar
574 1630 661 1660 con
682 1615 758 1659 noi
786 1631 813 1659 a
837 1615 1028 1678 seruire,
1059 1631 1144 1673 pur
1176 1616 1207 1660 il
1237 1617 1483 1674 procuraro
1516 1622 1687 1672 quanto
1717 1615 1851 1673 potro
1883 1617 1935 1659 in

295 1693 510 1736 Domino.
536 1693 623 1737 Lui
644 1693 685 1737 ci
707 1692 782 1737 dia
803 1693 990 1750 copiosa
1011 1693 1158 1751 gratia
1179 1701 1225 1738 et
1245 1693 1552 1747 beneditione,
1583 1700 1629 1738 et
1656 1693 1794 1737 drizzi
1822 1693 1933 1751 ogni

295 1784 401 1815 cosa
423 1786 449 1814 a
470 1785 553 1815 sua
574 1770 830 1815 santissima
852 1771 1089 1829 maggiore
1110 1771 1256 1829 gloria
1277 1779 1322 1816 et
1344 1773 1461 1817 bene
1481 1786 1736 1816 commune.
1763 1772 1928 1817 Amen.

386 1848 514 1892 Tutti
534 1848 611 1893 noi
633 1850 773 1893 molto
795 1849 1092 1894 humilmente
1114 1850 1155 1893 ci
1181 1851 1601 1894 raccommandamo
1628 1850 1714 1894 alle
1741 1848 1932 1894 orationi

295 1933 341 1971 et
361 1925 570 1970 sacrificii
592 1927 650 1971 de
673 1928 730 1972 V.
756 1929 809 1971 R.
838 1934 883 1972 et
905 1927 949 1971 di
973 1927 1079 1971 tutti
1101 1927 1244 1972 nostri
1273 1927 1523 1972 charissimi
1545 1927 1592 1971 in
1613 1929 1701 1972 X.0
1728 1926 1864 1972 Padri
1887 1934 1932 1974 et

298 2004 475 2048 fratelli.

353 2084 355 2086 ’
383 2082 442 2127 Di
466 2082 702 2137 Cassouia,
730 2096 784 2139 23
807 2083 852 2127 di
875 2083 1034 2141 Aprile
1061 2084 1187 2138 1562.

857 2161 915 2205 Di
939 2163 995 2206 V.
1022 2163 1077 2206 R.
1103 2175 1239 2206 seruo
1262 2161 1308 2205 in
1330 2164 1418 2206 X.0
1438 2164 1573 2220 Jesu,

1375 2239 1404 2297 †
1436 2226 1692 2285 V1cTon1A.

318 2319 322 2322 ’
388 2318 494 2373 Qua
517 2316 808 2374 triumpharia
834 2319 926 2361 M.0
953 2317 1163 2361 Hurtado
1185 2331 1273 2361 con
1297 2317 1410 2361 tanti
1431 2316 1562 2374 prati,
1588 2317 1744 2374 vigne,
1764 2324 1809 2360 et
1826 2318 1932 2361 hor-

298 2394 347 2447 ti,
373 2402 418 2438 et
440 2395 586 2452 sylue,
611 2401 657 2438 et
679 2394 890 2439 massime
912 2396 1105 2440 essendo
1126 2394 1156 2437 li
1178 2394 1332 2438 villani
1355 2394 1629 2451 obsequiosi,
1657 2402 1745 2439 etc.

389 2552 634 2608 Inscriptio
666 2551 717 2594 in
749 2555 917 2608 quarta
940 2552 1146 2609 pagina:
1168 2514 1257 2595 llis.
1290 2552 1350 2595 Al
1378 2553 1517 2596 molto
1539 2552 1654 2596 Rdo.
1681 2551 1727 2595 in
1749 2550 1932 2595 Christo

298 2630 446 2674 Padre
461 2631 508 2674 M
515 2640 553 2673 ,0
575 2629 858 2686 Hieronymo
876 2631 1055 2683 Natale,
1073 2630 1287 2687 generale
1308 2629 1645 2687 [commissar]io
1661 2630 1779 2675 della
1795 2630 1934 2675 Com-

297 2707 467 2765 pagnia
488 2708 546 2753 de
561 2709 690 2766 Jessl,
715 2707 762 2750 in
785 2708 1016 2761 Tirnauia,
1042 2723 1069 2751 o
1090 2709 1213 2752 doue
1234 2709 1349 2752 sara.

387 2786 496 2829 Alia
517 2799 683 2828 manu:
705 2786 760 2828 62
784 2811 842 2816 —
864 2786 936 2829 62.

387 2863 545 2911 Manet
566 2863 715 2927 sigilli
735 2864 997 2927 vestigium.
