2020 3464
235 238 313 275 832

182 345 186 350 ’
235 334 371 380 Burgi,
390 332 725 380 archiepiscopus,
744 331 835 367 vide
854 331 1023 366 Alvarez

285 394 335 430 de
353 393 516 429 Toledo.

237 455 376 495 Bursa,
395 451 642 498 Franciscus,
660 450 702 486 S.
723 451 776 497 J.,
795 448 880 496 483.

236 514 513 558 Bustamante,
542 511 590 546 P.
614 511 935 546 Bartholomaeus
953 507 1021 552 de,

285 571 326 608 S.
360 572 414 618 J.,
444 570 696 616 architectuS,
726 568 805 614 184,
835 566 921 612 633,
938 565 1023 611 635,

284 630 366 677 708,
387 637 472 676 7973
490 627 746 664 cordubensis
775 625 932 672 collegii
955 624 1027 660 ini-

285 690 351 726 tiis
381 689 548 724 interest
560 716 570 734 ,
594 696 684 732 2213
715 691 807 722 vota
835 683 1027 732 simplicia

284 750 493 787 Cordubae
511 748 670 792 emittit,
688 756 772 791 2223
792 744 1028 782 collateralis

284 809 467 856 Borgiae,
486 807 569 853 248;
589 818 668 842 non
681 810 742 842 sat
753 817 883 841 rerum
897 804 1030 840 Socie-

285 869 378 905 tatis
396 868 560 916 peritus,
574 872 618 903 ut
635 866 801 912 Borgiae
819 864 948 901 socius
962 862 1027 908 sit;

287 929 372 976 ejus
407 926 598 975 professio
633 925 834 962 sollemnis
867 930 908 960 et
938 928 1030 959 vota

287 987 493 1036 simplicia,
509 995 592 1032 2543
612 986 764 1027 unicus,
783 985 850 1032 qui
867 995 917 1020 ex
934 985 1031 1019 Bae-

288 1047 368 1083 tica
397 1047 446 1082 ad
470 1046 704 1082 electionem
722 1043 934 1092 praepositi
962 1053 1030 1088 ge-

288 1106 434 1143 neralis
451 1106 508 1141 ire
521 1093 667 1152 potes‘t,
686 1103 770 1149 3463
790 1103 964 1150 disputat
989 1101 1030 1137 in

288 1165 456 1211 collegio
471 1163 615 1200 Montis
628 1162 759 1209 Regii,
774 1160 1029 1206 3533R0mam

292 1237 381 1262 cum
414 1223 557 1270 Borgia
601 1222 658 1258 ire
691 1221 901 1265 desiderat,
943 1218 1027 1265 372;
1067 1229 1072 1234 ·

289 1286 423 1321 Monte
440 1283 566 1329 Regio
584 1282 633 1317 ad
651 1294 759 1317 suam
789 1279 1029 1328 provinciam

288 1343 518 1390 remittitur,
531 1350 616 1388 457,
630 1350 714 1388 4793
730 1353 819 1377 eum
833 1341 877 1375 P.
887 1341 1030 1375 Dome-

291 1405 392 1440 nech
424 1407 690 1449 comparatur,
723 1409 812 1446 5503
845 1398 1030 1435 Almodo-

288 1463 436 1499 variam
454 1461 578 1503 venit,
597 1460 730 1507 ibique
744 1459 955 1506 collegium
973 1458 1030 1494 in-

288 1523 454 1559 stituere
488 1521 700 1562 desiderat,
727 1520 814 1565 5653
847 1518 1031 1566 Complu-

291 1587 375 1617 tum
398 1579 565 1622 accedit,
583 1578 668 1624 648.

615 1669 658 1710 C

245 1762 431 1807 Caceres,
449 1759 541 1795 vide
559 1759 698 1796 Castra
715 1757 899 1795 Caecilia.

243 1820 448 1867 Cadaques
454 1847 464 1866 ,
471 1817 657 1866 oppidum
666 1817 917 1854 Catalauniae
924 1846 933 1863 ,
947 1815 1031 1862 364.

243 1881 559 1924 Caesaraugusta
580 1877 825 1922 (Zaragoza),
856 1885 955 1920 xxv,
971 1874 1031 1921 393

290 1936 397 1975 illam
415 1938 598 1975 deserere
621 1937 795 1983 cogitant
819 1935 930 1982 socii,
953 1935 1033 1981 1693

293 2011 361 2036 eos
378 1998 523 2034 retinet
540 1996 679 2043 Nadal,
698 1996 778 2042 169,
797 2004 876 2041 1703
895 1995 1037 2031 civitas

293 2059 430 2094 Patres
461 2056 672 2092 Societatis
702 2061 880 2103 exoptat3
913 2066 1039 2091 sacra-

295 2122 427 2153 menta
455 2115 772 2162 frequentantur,
803 2122 891 2159 2773
923 2115 1040 2150 colle-

295 2176 405 2222 gium
424 2175 465 2211 S.
486 2175 540 2221 J.,
559 2181 642 2218 277,
662 2171 746 2219 387,
765 2172 847 2208 388.

248 2235 387 2274 Cairus
416 2232 577 2280 (Cairo),
601 2232 657 2268 ibi
680 2233 859 2279 captivus
883 2237 1040 2268 tenetur

296 2294 419 2330 frater
436 2293 466 2328 F
468 2303 598 2339 reyre,
617 2300 699 2337 502.

250 2351 483 2399 Calatayud,
501 2350 724 2387 Ludovicus
738 2350 786 2386 de
799 2351 1041 2397 (Alphonsus

299 2412 503 2458 aJimenez
516 2409 672 2454 dicitur,
687 2409 829 2457 pagina
843 2413 940 2457 579),
956 2422 1043 2457 pro-

299 2469 518 2506 tonotarius
557 2468 794 2516 apostolicus
811 2495 820 2513 ,
860 2468 1043 2504 fundator

300 2528 459 2575 collegii
482 2528 716 2574 oeaniensis,
739 2537 824 2574 419,
847 2527 938 2575 438,
956 2529 1041 2575 458,

300 2589 479 2635 620*622›
513 2596 604 2634 7153
633 2596 722 2634 552,
754 2587 930 2634 589’598›
957 2587 1042 2635 643>

300 2648 386 2695 644,
404 2656 488 2693 717;
519 2647 744 2683 memoriale
767 2647 842 2694 ipsi
871 2648 1028 2695 proposi

301 2712 385 2743 turn
414 2718 483 2753 pro
511 2705 739 2742 fundatione
768 2707 940 2754 collegii,
959 2715 1041 2752 5773

302 2765 600 2802 difficultatibus
613 2765 698 2812 ejus
711 2765 953 2803 satisfacitP.
969 2767 1044 2802 Na-

303 2825 382 2872 dal,
401 2834 572 2872 577-579·

255 2884 510 2931 Caldennius,
529 2884 700 2920 sororius
714 2885 878 2931 Natalis,
901 2894 956 2921 12.

255 2943 492 2990 Campaner,
510 2943 694 2990 Alvarus,
710 2954 747 2989 4.

256 3003 490 3050 Campeggi,
508 3004 695 3050 Joannes,
709 3002 914 3051 episcopus
928 3004 1047 3039 bono-

307 3061 471 3108 niensis,
506 3061 666 3098 nuntius
695 3061 890 3109 pontificis
914 3062 954 3098 in
978 3062 1043 3097 Hi-

988 235 1161 271 Inmczs

1142 330 1291 377 spania,
1310 329 1520 366 Societatis
1534 334 1684 377 amans,
1697 338 1783 378 425,
1793 331 1883 376 426.

1095 388 1352 436 Campfullos‚
1376 389 1586 426 canonicus
1603 388 1889 437 majoricensis,

1142 448 1179 495 6,
1202 448 1257 484 13.

1096 507 1217 544 Cana]
1236 508 1279 543 P.
1300 508 1455 555 Petrus,
1474 509 1514 544 S.
1541 509 1595 555 J.,
1618 509 1780 545 Romam
1796 508 1890 544 mis·
1945 531 1957 540 -

1144 579 1226 614 sus,
1248 567 1329 615 148,
1352 568 1432 615 158,
1455 568 1535 614 165.

1098 627 1365 664 Cancellarius
1380 628 1563 664 Austriae
1576 627 1891 675 inferioriswide

1147 686 1452 723 Widmanstadt.

1099 744 1306 791 Canfranc,
1322 745 1553 793 oppidumin
1566 745 1789 794 pyrenaeis,
1803 753 1890 792 724.

1100 806 1284 842 Canisius
1322 808 1336 850 (
1351 807 1507 854 Kanys,
1557 806 1741 842 Kanisius
1759 833 1768 851 ,
1817 806 1891 843 Ca-

1149 865 1222 907 nis,
1243 868 1338 910 etc.)
1351 866 1395 900 B.
1424 866 1579 910 Petrus,
1598 865 1640 901 S.
1656 866 1711 912 J.,
1727 865 1790 911 46;
1808 865 1890 901 lau-

1149 925 1216 960 dat
1240 925 1397 961 Patrem
1417 924 1562 970 Nadal,
1588 933 1652 970 543
1685 923 1895 960 conciona-

1150 990 1232 1030 tur,
1262 992 1307 1031 54
1319 1014 1328 1032 ,
1359 983 1449 1030 3123
1483 985 1779 1021 translationem
1804 996 1895 1021 san-

1149 1050 1299 1080 ctarum
1323 1044 1573 1091 reliquiarum
1592 1048 1736 1090 narrat,
1756 1043 1815 1090 563
1834 1043 1893 1080 di-

1149 1108 1282 1151 sputat
1305 1102 1558 1147 scholastice,
1583 1111 1647 1149 59;
1667 1102 1752 1149 ejus
1773 1113 1893 1150 opera

1148 1175 1219 1211 pro
1244 1162 1422 1209 collegiis
1452 1162 1621 1208 Pragae,
1658 1161 1894 1208 Ingolstadii

1150 1228 1189 1259 et
1207 1221 1456 1268 Oenipontis,
1475 1231 1558 1267 2943
1583 1221 1762 1257 laudatur
1775 1232 1798 1256 a
1814 1221 1891 1256 Na-

1149 1282 1226 1327 dal3
1245 1281 1404 1328 negotia
1423 1282 1473 1317 ab
1496 1281 1582 1328 ipso
1604 1293 1693 1317 cum
1705 1283 1895 1317 'romano-

1148 1354 1234 1377 rum
1263 1353 1358 1388 rege
1389 1340 1608 1386 tractanda3
1640 1341 1893 1377 Lambertum

1151 1401 1259 1437 Auer
1275 1401 1316 1436 in
1339 1400 1578 1437 Societatem
1601 1400 1787 1447 admittit,
1807 1398 1895 1444 308;

1150 1465 1195 1496 ut
1217 1459 1492 1507 compendium
1522 1459 1664 1496 Vicelii
1684 1464 1894 1506 componat

1150 1531 1220 1567 pro
1235 1519 1314 1555 fide
1331 1518 1523 1555 catholica
1545 1518 1704 1566 tuenda,
1728 1518 1896 1555 litteras—

1150 1591 1228 1627 que
1238 1579 1388 1615 indicas
1401 1578 1522 1616 latine
1535 1583 1679 1624 vertat,
1696 1583 1806 1614 curat
1819 1578 1895 1614 Na-

1151 1639 1229 1685 dal,
1248 1638 1331 1684 3103
1351 1638 1556 1686 professio,
1576 1643 1616 1674 et
1633 1643 1726 1674 vota
1742 1638 1899 1685 simpli-

1152 1698 1213 1734 cia
1230 1698 1508 1746 professorum,
1523 1697 1606 1743 311;
1622 1698 1789 1744 Pragam
1809 1697 1896 1734 mit-

1154 1758 1264 1805 titur,
1282 1757 1366 1803 3143
1386 1762 1430 1794 ut
1458 1758 1503 1793 P.
1534 1757 1658 1793 Nadal
1676 1756 1717 1793 in
1734 1757 1897 1794 Germa-

1154 1818 1258 1854 niam
1292 1818 1422 1863 adeat,
1453 1827 1699 1863 summopere
1717 1821 1895 1864 exoptat,

1155 1877 1239 1924 350,
1257 1877 1342 1925 351,
1356 1886 1440 1923 777;
1457 1877 1613 1913 veniam
1626 1876 1727 1924 petit
1740 1888 1762 1912 a
1779 1877 1901 1912 Patre-

1157 1938 1302 1974 Lainez
1325 1937 1477 1984 peccati
1506 1938 1566 1981 (ut
1594 1936 1680 1983 ipse
1709 1935 1793 1983 ait),
1811 1935 1895 1982 351;

1155 1997 1396 2034 haereticum
1424 1996 1738 2032 concionatorem
1765 1996 1902 2042 Augu-

1157 2062 1242 2093 stae
1256 2056 1305 2092 ad
1314 2055 1545 2091 catholicam
1558 2055 1676 2091 fidem
1689 2054 1899 2101 convertit,

1157 2116 1242 2163 4063
1274 2127 1384 2151 suam
1409 2115 1648 2163 provinciam
1674 2115 1898 2162 perlustrat,

1160 2185 1243 2222 5203
1263 2175 1338 2222 ipsi
1355 2174 1663 2219 commendatur,
1681 2179 1724 2210 ut
1748 2173 1900 2209 satisfa-

1159 2237 1237 2273 ciat
1254 2235 1441 2272 cardinali
1454 2239 1687 2281 augustano,
1705 2233 1769 2269 cui
1782 2234 1901 2269 Pater

1160 2295 1285 2332 Nadal
1303 2294 1407 2330 mitti
1423 2305 1501 2329 non
1518 2298 1685 2340 poterat,
1704 2300 1789 2339 777,
1806 2291 1894 2337 778.

1114 2355 1312 2401 Canisius,
1345 2355 1389 2389 P.
1430 2351 1697 2388 Theodoricus
1710 2380 1719 2398 ,
1760 2351 1802 2387 S.
1844 2351 1897 2398 J.,

1162 2416 1207 2450 B.
1226 2413 1335 2450 Petri
1352 2413 1472 2448 frater
1490 2424 1539 2448 ex
1557 2417 1680 2460 patre,
1699 2420 1813 2447 XXIX.

1114 2475 1289 2520 Cannae,
1307 2473 1556 2521 privilegium
1574 2471 1623 2507 ad
1635 2470 1812 2507 aedificia
1830 2470 1904 2506 So-

1161 2531 1317 2569 cietatis
1347 2531 1563 2579 pertinens,
1586 2529 1671 2577 408,
1696 2540 1782 2576 444,
1814 2536 1898 2575 522,

1164 2591 1247 2638 530,
1268 2590 1349 2637 531.

1115 2652 1239 2698 Cano,
1257 2651 1321 2686 Fr.
1341 2649 1544 2695 Melchior,
1562 2647 1611 2686 O.
1631 2648 1692 2692 P.,
1710 2647 1794 2693 764.

1116 2708 1280 2751 Cantus,
1289 2706 1329 2742 in
1343 2707 1502 2753 templo,
1517 2704 1634 2741 sociis
1653 2703 1905 2740 Viennae-in—

1163 2766 1369 2812 terdictuS,
1393 2764 1476 2810 3123
1503 2764 1544 2800 in
1573 2763 1788 2811 tragoedia,
1818 2761 1902 2806 6633

1164 2825 1346 2874 privatim
1359 2824 1514 2861 litanias
1527 2829 1672 2860 canunt
1683 2821 1909 2860 scholastici

1167 2884 1393 2931 Societatis,
1411 2883 1495 2928 805.

1119 2943 1357 2989 Cafiaveras,
1366 2941 1549 2989 oppidum
1557 2952 1635 2977 non
1642 2942 1760 2987 longe
1767 2950 1790 2975 a
1802 2939 1904 2976 Con-

1166 3003 1253 3047 cha,
1271 3001 1356 3047 708,
1375 3009 1460 3046 710.

1119 3062 1280 3110 Capella
1292 3061 1526 3107 (chapelle),
1540 3061 1583 3097 P.
1600 3058 1906 3102 Maximilianus,
