2008 3490
719 230 763 259 12
789 221 982 261 Aucusw
1009 219 1096 267 1561
1166 232 1168 234 >
1658 227 1727 266 509

842 425 959 467 142

639 528 878 567 MICHAEL
904 529 974 564 DE
1001 526 1175 565 SOUSA

341 628 590 673 PATRI
641 625 1140 671 HIERONYMO
1193 622 1473 668 NADAL

477 732 819 784 Conimbricae‚
851 744 902 776 12
925 730 1130 789 Augusti
1158 731 1265 786 1561
1295 732 1326 775 ¹.

189 842 373 879 Consulit
402 842 572 878 Patrem
602 839 754 885 Nadal,
789 851 845 875 an
869 838 1191 887 permittendum
1220 838 1273 873 sit
1287 838 1421 874 Benzo
1450 841 1624 875 matrem

735 910 853 934 suam
873 909 1063 934 mvtsere.

853 976 954 1071 Jtiss.

127 1163 131 1166 ῃ
176 1105 272 1151 Mui
294 1106 410 1150 Rdo.
436 1121 496 1150 en
516 1106 606 1149 X.0
633 1104 795 1148 Padre.

178 1185 277 1228 Pax
297 1182 371 1227 X.i

175 1262 242 1306 La
264 1261 420 1305 madre
440 1260 499 1305 de
516 1261 671 1304 Benzo
695 1259 919 1311 Toscano,
939 1273 970 1314 y
991 1258 1034 1302 el
1056 1259 1110 1302 P.
1136 1258 1256 1301 Cota
1272 1258 1287 1279 ²
1306 1257 1585 1303 escriuieron
1606 1267 1728 1304 estas

83 1347 231 1385 cartas
253 1353 342 1396 que
364 1340 470 1394 aqui
487 1352 595 1392 uan,
620 1336 754 1381 sobre
774 1335 819 1379 13
835 1334 910 1379 ida
926 1335 984 1380 de
1002 1337 1156 1380 Benzo
1174 1336 1399 1389 Toscano,
1420 1336 1463 1380 al
1479 1343 1659 1393 puerto.
1685 1340 1726 1382 Y

84 1431 257 1475 porque
291 1416 334 1461 el
371 1417 426 1460 P.
458 1413 704 1459 Francisco
732 1414 776 1458 le
803 1428 830 1457 a
859 1411 1100 1470 promitido
1133 1419 1285 1456 tantas
1316 1427 1453 1459 uezes
1485 1429 1575 1471 que
1606 1422 1726 1460 estas

156 1568 167 1590 ¹
218 1567 278 1603 Ex
291 1566 549 1613 autographo,
567 1564 609 1600 in
630 1563 756 1600 Lusit.
772 1563 907 1611 Epist.
925 1562 1147 1609 1561-1563,
1162 1563 1216 1608 II,
1238 1563 1353 1599 unico
1366 1563 1451 1611 fol„
1465 1564 1526 1610 65.
1542 1565 1643 1602 Cum
1656 1567 1729 1602 hac

84 1627 251 1676 epistola
268 1627 388 1662 missa
405 1625 480 1662 fuit
497 1625 547 1661 ad
563 1626 608 1661 P.
628 1624 752 1660 Nadal
770 1625 907 1670 altera,
926 1623 1073 1671 duplici
1090 1622 1174 1669 fol„
1193 1623 1254 1671 64,
1273 1623 1314 1660 in
1327 1636 1404 1672 qua
1417 1631 1572 1672 praeter
1585 1638 1729 1674 paucas

83 1687 133 1723 de
150 1687 195 1723 P.
216 1685 400 1722 Andrade
414 1684 725 1731 informationes,
742 1683 888 1720 nullius
905 1683 955 1719 ad
971 1682 1175 1719 historiam
1192 1684 1396 1730 momenti,
1417 1684 1471 1721 nil
1489 1687 1727 1723 continetur.

86 1746 201 1784 Unde
218 1746 282 1783 hic
299 1746 460 1782 minime
477 1744 727 1781 inserendam
743 1743 941 1780 duxi-mus.

153 1810 168 1830 2
195 1857 202 1858 ἶ
217 1807 262 1842 Ρ.
282 1805 471 1842 Melchior
488 1805 619 1850 Cotta,
638 1803 705 1852 qui
722 1815 766 1840 se
783 1803 1035 1840 Belchiorem
1053 1803 1191 1839 scribit
1205 1803 1246 1839 in
1260 1803 1456 1852 examine,
1472 1817 1522 1841 ex
1535 1818 1612 1854 quo
1630 1808 1728 1843 haee

85 1871 320 1903 mutuamur.
339 1867 515 1902 Examen
532 1872 866 1900 commune.—-«1.
885 1863 946 1899 Yo
963 1875 1026 1899 me
1039 1864 1156 1900 llamo
1174 1864 1357 1900 Belehior
1376 1864 1507 1901 Cotta.
1527 1875 1563 1902 2.
1589 1867 1728 1914 Tengo

85 1926 204 1964 trinta
220 1939 247 1974 y
265 1926 408 1974 cinquo
425 1928 519 1960 afios
533 1924 582 1960 de
597 1924 710 1960 edad.
725 1923 761 1960 3.
778 1923 859 1971 Soy
873 1926 1088 1971 portugues
1106 1924 1213 1970 [ms.,
1228 1925 1459 1973 portugds]‚
1481 1938 1508 1973 y
1527 1926 1577 1962 de
1599 1927 1729 1963 Leiria

86 1987 282 2023 natural...
301 1996 337 2031 9.
356 1986 417 2021 En
434 1996 525 2021 casa
541 1983 591 2020 de
610 1984 683 2020 mis
701 1983 842 2032 padres
859 1984 909 2019 he
928 1983 1134 2019 estudiado
1151 1989 1232 2020 tres
1250 1987 1359 2021 anos,
1386 1985 1512 2021 Antes
1529 1985 1579 2022 de
1598 1993 1729 2024 entrar

87 2059 136 2082 en
154 2047 190 2082 13
208 2046 423 2093 Compafiia
439 2044 522 2081 bivi
539 2056 614 2080 con
632 2045 712 2080 hun
730 2047 846 2079 sefior
870 2055 920 2079 en
944 2044 981 2079 la
1006 2048 1130 2088 corte,
1154 2056 1231 2091 que
1255 2056 1299 2080 se
1323 2045 1426 2081 dizia
1443 2046 1511 2081 P.0
1532 2046 1726 2084 Carvallo.

91 2099 146 2142 Io.
166 2106 329 2142 Estudie
344 2117 394 2141 en
408 2106 444 2141 13
457 2104 718 2152 Compafiia...
736 2103 824 2139 13...
841 2104 926 2150 Fuy
939 2103 1113 2139 recibido
1131 2104 1194 2139 del
1212 2105 1280 2140 P.e
1299 2105 1470 2141 Maestro
1484 2105 1634 2154 Simon,
1653 2120 1729 2155 que

87 2178 153 2202 era
175 2165 405 2214 provincial,
430 2177 480 2201 en
506 2166 544 2201 la
567 2164 709 2200 ciudad
731 2164 781 2199 de
804 2164 946 2208 Ebora,
973 2168 1085 2199 antes
1108 2163 1158 2199 de
1177 2175 1271 2200 aver
1294 2166 1360 2200 alli
1377 2167 1593 2212 collegio...
1615 2175 1671 2212 15.
1693 2168 1728 2203 A

86 2226 228 2274 quinze
247 2229 269 2261 ό
287 2225 455 2261 deziseis
473 2228 568 2260 afios
585 2236 662 2271 que
680 2226 791 2259 entre
811 2235 860 2259 en
879 2224 915 2258 la
933 2223 1193 2270 Compafiia...
1223 2232 1279 2270 17.
1304 2224 1405 2261 Hize
1429 2226 1488 2262 105
1513 2227 1729 2263 exercicios

87 2298 162 2322 una
180 2297 267 2330 vez,
287 2287 322 2321 el
341 2288 415 2320 afio
432 2296 509 2332 que
527 2284 584 2320 fui
600 2284 790 2329 recibido,
810 2295 879 2331 por
896 2282 1052 2330 espacio
1070 2283 1120 2318 de
1138 2283 1281 2320 treinta
1298 2284 1397 2327 dias,
1416 2298 1442 2332 y
1460 2288 1591 2333 llegue
1618 2289 1729 2323 hasta

89 2347 124 2381 el
149 2346 338 2393 mysterio
355 2345 406 2381 de
430 2346 466 2381 13
489 2344 768 2388 resurrecti6n3
793 2355 819 2390 y
843 2343 1028 2390 despueS‚
1053 2344 1088 2379 al
1112 2344 1210 2379 cabo
1237 2344 1300 2380 del
1324 2356 1439 2381 curso
1462 2346 1511 2382 de
1535 2353 1640 2383 artes
1666 2361 1728 2384 me

86 2406 346 2442 concedieron
364 2406 462 2441 ocho
485 2405 570 2440 dias
594 2416 686 2451 para
710 2405 826 2439 hazer
850 2402 1065 2438 exercicios
1089 2403 1138 2439 de
1162 2405 1199 2439 13
1222 2405 1390 2451 primera
1413 2418 1572 2443 semana
1594 2420 1621 2455 y
1645 2414 1728 2444 otra

85 2465 308 2502 confession
325 2465 531 2511 general...
555 2471 612 2510 19.
630 2463 711 2510 Soy
729 2462 947 2498 sacerdote.
969 2471 1027 2498 20.
1047 2463 1106 2498 En
1131 2463 1303 2505 Coinbra
1326 2466 1376 2501 he
1395 2467 1532 2503 estado
1549 2479 1662 2504 cerea
1679 2469 1727 2504 de

86 2536 183 2562 onze
201 2529 296 2561 aiios
315 2537 365 2561 en
379 2524 568 2561 estudios.
586 2524 716 2559 Etuve
733 2523 906 2570 despues
925 2534 974 2558 en
992 2523 1120 2558 Evora
1136 2526 1218 2559 mas
1236 2524 1285 2560 de
1310 2525 1381 2561 dos
1405 2530 1515 2563 afios.
1538 2528 1617 2564 Alli
1642 2541 1729 2576 pre-

85 2586 222 2622 dicava
239 2598 265 2633 y
283 2584 506 2629 confesava,
525 2596 551 2631 y
570 2584 650 2619 hun
666 2583 816 2630 tiempo
835 2582 891 2619 fui
909 2582 1085 2630 prefecto
1104 2583 1153 2619 de
1170 2584 1229 2620 105
1248 2585 1437 2622 estudios.
1458 2588 1530 2623 Em
1555 2589 1728 2625 Lisbona

85 2647 135 2682 he
153 2646 289 2682 estado
306 2657 419 2681 cerea
435 2645 484 2680 de
502 2656 556 2679 un
568 2639 646 2679 ’3ἦο
665 2643 902 2690 predicando
919 2655 945 2690 y
962 2642 1215 2679 confesando.
1236 2643 1334 2682 Otra
1357 2658 1431 2682 vez
1448 2648 1556 2684 bolvi
1573 2651 1596 2684 a
1613 2650 1727 2686 Coin-

87 2708 170 2752 bra,
189 2718 215 2754 y
239 2711 379 2742 estuve
402 2715 516 2740 cerea
538 2703 588 2739 de
611 2708 696 2738 otro
719 2706 806 2738 afio.
832 2702 1046 2738 Predicava
1064 2715 1090 2750 y
1113 2703 1325 2740 confesava
1347 2707 1406 2742 105
1432 2707 1639 2744 hermanos
1663 2709 1725 2746 del

87 2766 256 2812 collegio
279 2765 329 2801 de
352 2765 489 2808 baixo,
514 2775 540 2810 y
563 2765 671 2798 tenia
694 2767 838 2798 euenta
860 2773 934 2798 con
957 2764 1016 2798 los
1041 2763 1216 2799 novicios
1244 2764 1294 2800 de
1318 2767 1432 2813 aquel
1456 2768 1638 2814 collegio.
1666 2771 1725 2806 En

87 2827 240 2872 Bragua
256 2825 376 2861 residi
393 2824 506 2872 quasi
523 2822 572 2858 de
590 2827 676 2858 otro
694 2826 769 2858 3ῆο
786 2827 899 2858 antes
916 2822 966 2858 de
984 2834 1027 2858 se
1045 2823 1163 2859 hazer
1179 2826 1362 2872 collegio,
1381 2838 1455 2862 con
1473 2833 1579 2864 otros
1597 2827 1683 2876 dos‚'
1700 2842 1727 2877 y

87 2885 396 2921 exercitavamos
414 2885 450 2920 el
469 2882 686 2919 ministerio
703 2882 752 2918 de
771 2883 808 2918 13
826 2882 1055 2930 Compafu'a.
1075 2884 1312 2921 Posavamos
1336 2898 1386 2922 en
1405 2889 1440 2923 e]
1465 2888 1647 2935 hospital.
1667 2891 1726 2926 En

86 2946 121 2980 el
140 2946 285 2981 Puerto
302 2945 352 2980 he
370 2943 506 2979 estado
524 2953 622 2990 poco
639 2943 722 2977 mas
739 2941 789 2977 de
807 2942 886 2978 seis
904 2954 1049 2989 meses,
1065 2954 1114 2978 en
1127 2943 1294 2981 cuidado
1307 2946 1355 2982 de
1371 2948 1406 2982 la
1420 2959 1522 2983 casa.
1540 2957 1598 2984 21.
1614 2948 1725 2987 Onze

86 3016 208 3040 annos
226 3003 379 3040 estudie
398 3015 448 3039 en
465 3004 501 3039 la
519 3003 748 3048 Compaffla‚
767 3001 838 3037 dos
856 3003 967 3047 latin,
987 3008 1067 3038 tres
1086 3002 1135 3039 de
1152 3009 1271 3052 artes,
1290 3018 1317 3053 y
1340 3008 1398 3042 los
1421 3007 1555 3044 demtis
1580 3010 1727 3047 theolo-

87 3067 223 3113 gia...»
241 3065 300 3100 Ex
322 3063 417 3099 Cod.
438 3063 498 3105 16,
518 3063 597 3097 vol.
613 3062 684 3106 IV,
699 3061 765 3097 fol.
787 3071 869 3098 222.
