2106 3594
1770 315 1823 381 ,ἐκ

513 705 987 762 PRAEFATIO
1030 707 1504 764 GENERALIS

770 850 993 893 TOTIUS
1024 850 1242 893 OPERIS

267 1312 397 1368 Quas
427 1311 609 1369 saepius
635 1312 680 1355 in
713 1312 881 1356 nostris
909 1285 1242 1378 Monunissnns
1272 1315 1579 1372 promisimus,
1614 1318 1674 1360 P.
1709 1319 1825 1360 Hie-

177 1391 358 1446 ronymi
375 1390 531 1433 Nadal
546 1391 787 1447 Epistolae,
804 1405 928 1435 nunc
951 1392 1134 1436 tandem
1150 1392 1198 1435 in
1219 1393 1369 1437 lucem
1385 1393 1567 1450 prodire
1583 1393 1822 1451 incipiunt.

175 1468 271 1511 Cur
291 1475 444 1521 autem
466 1468 655 1512 seorsim
682 1469 739 1512 ab
767 1468 867 1512 aliis
893 1468 1153 1526 primaevae
1170 1470 1425 1523 ,Societatis
1452 1471 1677 1528 epistolis,
1711 1487 1825 1529 quas

172 1546 348 1589 Mixtus
369 1547 665 1603 appellamus,
690 1548 809 1590 hanc
831 1561 997 1590 novam
1019 1546 1182 1591 seriem
1204 1549 1520 1592 excudendam
1541 1549 1821 1604 duxerimus,

171 1622 216 1666 in
240 1623 338 1680 ipsa
358 1623 643 1681 praefatione
663 1624 841 1668 illarum
864 1623 1138 1678 litterarum,
1177 1641 1284 1683 pag.
1311 1626 1355 1681 6,
1379 1625 1658 1671 dicebamus.
1695 1645 1713 1668 «
1727 1629 1823 1672 Ae-

171 1716 312 1758 quum
335 1701 456 1746 enim
478 1708 563 1754 est,
590 1709 642 1745 ut
663 1701 741 1758 qui
763 1702 970 1746 laborum
986 1702 1305 1760 magnitudine
1326 1710 1372 1747 et
1388 1703 1690 1748 diuturnitate
1710 1704 1822 1748 insi-

171 1794 309 1836 gnem
332 1794 440 1836 prae
462 1779 653 1823 caeteris
675 1795 858 1837 operam
881 1786 928 1824 et
949 1780 1181 1825 Ecclesiae
1202 1787 1248 1825 et
1270 1781 1488 1827 Societati
1510 1783 1818 1836 contulerunt,

170 1873 198 1901 a
218 1857 410 1901 caeteris
432 1857 568 1902 etiam
590 1857 950 1915 distinguantur,
970 1867 1017 1903 et
1038 1858 1085 1903 in
1102 1873 1245 1903 unum
1262 1867 1420 1904 coacta
1435 1860 1660 1917 cujusque
1676 1861 1820 1905 docu—

170 1942 338 1989 menta,
378 1943 661 1993 posterorum
699 1936 852 1980 studio
888 1938 1126 1981 commode
1160 1937 1478 1994 subjiciantur.
1518 1939 1569 1982 Id
1604 1938 1820 1983 historiae

169 2013 372 2067 claritas,
398 2014 444 2057 id
468 2021 621 2059 rectus
643 2015 771 2068 ordo,
796 2014 843 2058 id
865 2014 1066 2072 ipsorum
1093 2022 1334 2060 auctorum
1362 2015 1564 2074 dignitas
1590 2018 1820 2073 postulare

166 2091 393 2137 videtur.»
420 2091 507 2136 His
528 2092 813 2150 potissimum
835 2094 894 2137 de
921 2093 1072 2137 causis
1099 2093 1314 2151 epistolas
1343 2096 1532 2138 Patrum
1561 2095 1814 2148 Salmeron,

167 2169 352 2224 Lainez,
387 2171 547 2227 Borja,
579 2172 727 2215 Nadal
764 2171 1047 2228 aliorumque
1078 2171 1334 2230 principum
1360 2171 1562 2231 virorum
1599 2187 1652 2216 «a
1684 2174 1817 2216 turba

166 2247 442 2304 reliquarum
463 2248 717 2292 litterarum
740 2249 1008 2307 sejungere»
1033 2235 1334 2294 decrevimus.

254 2325 494 2371 Mirabitur
515 2328 708 2371 fortasse
725 2327 948 2384 quispiam
966 2327 1298 2385 Hieronymum
1315 2329 1479 2382 Nadal,
1499 2329 1631 2385 cujus
1649 2344 1815 2374 nomen

165 2404 214 2448 in
234 2404 514 2449 obscuritate
535 2406 863 2462 propemodum
885 2405 1131 2461 delitescit,
1163 2406 1298 2463 cujus
1318 2420 1391 2450 res
1419 2413 1579 2463 gestae
1607 2422 1635 2451 a
1661 2406 1815 2451 multis

165 2482 452 2540 ignorantur,
477 2498 532 2527 eo
554 2484 628 2527 vel
649 2483 860 2536 maxime,
886 2484 1009 2540 quod
1031 2483 1173 2540 ipsius
1194 2483 1290 2528 vita
1310 2484 1515 2528 nondum
1546 2499 1629 2541 pro
1660 2484 1814 2542 digni-

167 2567 260 2606 tate
279 2562 520 2606 lucubrata
543 2561 694 2614 fuerit,
720 2576 826 2605 cum
846 2561 1036 2606 summis
1057 2561 1144 2606 illis
1160 2561 1402 2607 Societatis
1418 2568 1601 2606 nostrae
1616 2562 1813 2606 lumina-

164 2638 291 2683 ribus
314 2639 465 2696 Borja,
491 2639 676 2693 Lainez,
702 2641 955 2692 Salmeron,
980 2640 1239 2696 exaequari,
1266 2655 1460 2696 quorum
1481 2641 1715 2697 praeclara
1743 2641 1811 2684 fa—

162 2716 319 2761 cinora
355 2717 556 2774 eleganti
592 2718 767 2762 calamo
804 2717 1122 2771 Rivadeneira,
1157 2717 1325 2774 aliique
1361 2717 1538 2761 nobiles
1566 2717 1811 2774 scriptores

159 2793 458 2839 illustrarunt.
485 2796 550 2839 At
577 2795 774 2840 cessabit
795 2796 999 2853 profecto
1021 2794 1276 2839 istiusmodi
1298 2794 1559 2848 admiratio,
1585 2809 1690 2838 cum
1712 2794 1810 2851 epi-

157 2872 302 2916 stolae
323 2879 595 2929 caeteraque
617 2872 731 2916 tanti
754 2872 837 2916 viri
865 2874 1140 2917 documenta
1166 2872 1214 2915 in
1240 2872 1470 2930 publicam
1497 2873 1647 2915 lucem
1669 2871 1806 2925 edita,

158 2950 216 2993 ab
238 2949 450 2993 omnibus
472 2950 689 3007 cognosci
710 2951 907 2994 valeant.
928 2952 987 2993 Et
1002 2965 1131 3004 sane,
1148 2950 1333 3007 quando
1350 2950 1437 2994 alia
1453 2949 1568 2993 ratio
1584 2964 1680 2993 non
1697 2964 1808 3006 sup-

161 3033 351 3084 peteret,
376 3042 458 3084 pro
480 3033 606 3071 tanta
629 3033 812 3084 tamque
835 3027 1032 3084 pretiosa
1059 3026 1750 3084 monumentorum·supellectili
1782 3041 1807 3070 e

161 3104 348 3162 pulvere
370 3104 657 3150 archivorum
680 3105 932 3159 educenda,
958 3119 1094 3162 quam
1117 3105 1293 3165 egregii
1308 3105 1447 3163 hujus
1463 3103 1547 3148 viri
1565 3119 1730 3149 nomen
1749 3105 1805 3149 ab
