2028 3484
310 293 383 330 386
879 295 1020 332 Emsr.
1047 295 1093 332 P.
1120 296 1395 343 NADAL—-104

307 398 366 440 de
387 396 459 451 iis,
483 411 602 453 quae
630 411 657 440 a
679 398 734 441 P:
769 397 922 442 Leone
950 404 998 442 et
1022 397 1291 455 prouinciali
1319 400 1407 443 hac
1435 398 1484 443 in
1511 414 1561 444 re
1589 399 1760 445 fuerint
1790 402 1972 446 consti-

308 481 424 530 tuta,
449 475 832 532 quemadmodum
860 474 1037 519 scribis.

396 564 440 596 2.
504 553 642 596 Nunc
677 551 767 596 iam
804 567 901 596 non
927 559 1055 597 tanta
1081 552 1349 598 difficultate
1382 554 1699 599 coadiutorum
1728 563 1964 614 tempora--

303 629 415 673 lium
437 630 720 684 laboramus‚·
739 629 956 687 quoniam
979 637 1138 687 postea
1159 637 1252 675 tres
1269 638 1378 675 sunt
1393 631 1442 675 in
1457 632 1732 678 Societatem
1749 633 1950 688 admissi,

302 707 380 764 qui
402 722 488 751 nos
523 722 617 751 non
644 706 934 751 mediocriter
958 707 1142 760 iuuant,
1174 722 1260 752 nec
1288 715 1441 754 tamen
1467 710 1717 754 sufficiunt.
1749 711 1959 756 Admissi·

300 792 411 831 sunt
441 784 579 829 etiam
610 785 703 828 duo
741 785 903 829 fratres
939 784 1169 842 germani,
1209 784 1541 844 consanguinei
1579 788 1730 832 Patris
1765 789 1958 844 Leonis,

300 865 449 908 bonae
463 862 629 906 indolis
646 862 974 917 adolescentes3
995 863 1087 906 duo
1105 877 1288 919 quoque
1305 865 1565 909 sacerdotes
1580 865 1729 910 bonae
1738 874 1963 924 expecta-

300 939 452 985 tionis.
478 941 562 984 Est
582 939 630 983 in
651 939 796 996 prima
817 939 1088 996 probatione
1109 955 1224 997 puer
1252 953 1305 995 14
1326 941 1458 985 annis
1486 942 1599 1001 [sic]
1626 950 1787 997 natus,
1812 944 1957 998 filius,.

298 1034 391 1063 non
414 1025 566 1062 tamen
586 1016 836 1075 legitimus,
862 1017 1059 1061 hominis
1079 1017 1217 1061 huius
1240 1018 1439 1063 ciuitatis
1468 1019 1752 1064 nobilissimi:
1777 1021 1961 1078 optimo-

297 1098 420 1142 valet
440 1095 625 1140 iudicio.
658 1097 901 1140 Praeterea
922 1096 1143 1139 habemus
1169 1095 1216 1139 in
1244 1095 1389 1153 prima
1420 1097 1689 1154 probatione
1718 1097 1955 1144 hominem·

299 1187 355 1230 23
379 1173 509 1218 annis
531 1179 690 1218 natum
712 1187 769 1216 ex
796 1171 1087 1216 nobilissimis
1118 1173 1403 1228 Lusitaniae,
1435 1174 1513 1231 qui
1540 1181 1783 1231 postquam
1811 1176 1956 1220 orba--

297 1259 372 1296 tus
395 1251 482 1295 fuit
503 1265 661 1305 uxore,
686 1250 890 1294 decreuit
910 1252 1011 1295 Deo
1032 1250 1228 1306 seruire;
1253 1258 1300 1296 et
1327 1252 1549 1297 accersito
1577 1253 1635 1296 ad
1660 1254 1784 1297 hunc
1806 1254 1951 1297 finem

295 1331 481 1374 domum
503 1343 633 1373 suam
655 1335 963 1385 praeceptore,
988 1329 1170 1372 duobus
1192 1329 1323 1373 annis
1351 1329 1563 1387 priuatim
1590 1330 1753 1375 litteris
1779 1332 1953 1375 huma--

294 1407 499 1452 nioribus
521 1421 704 1462 operam
725 1405 866 1459 dedit,
890 1405 985 1449 vita
1006 1406 1192 1450 omnino
1209 1406 1400 1463 pristina
1420 1414 1611 1463 mutata3
1631 1407 1702 1451 vir
1716 1415 1788 1452 est
1804 1408 1953 1453 mirae

293 1484 459 1530 indolis
481 1485 539 1528 ad
565 1483 803 1538 virtutem3
835 1498 1032 1541 cumque
1062 1483 1159 1541 ipse
1190 1483 1249 1528 sit
1276 1484 1632 1542 primogenitus,
1662 1485 1974 1543 primogeni-v.

294 1570 459 1616 turam,
485 1576 602 1619 quae
623 1568 694 1606 est
713 1558 846 1605 valde
867 1562 1087 1618 locuples,
1112 1561 1251 1606 filiolo
1272 1577 1417 1619 paruo
1438 1562 1669 1619 relinquit.
1691 1564 1760 1607 Ex
1782 1563 1953 1606 fructi—-

291 1642 380 1685 bus
417 1647 585 1695 tamen,
626 1654 741 1695 quos
777 1638 873 1696 ipse
910 1646 1061 1695 potest
1097 1646 1145 1684 et
1181 1639 1454 1684 distribuere
1486 1647 1533 1684 et
1568 1639 1656 1684 iam
1689 1639 1945 1693 distribuit,

290 1720 458 1763 bonam
480 1723 655 1775 partem
677 1716 898 1762 Societati
916 1716 1114 1772 reliquit,
1135 1716 1182 1760 id
1197 1723 1283 1770 est,
1302 1717 1396 1760 duo
1412 1717 1551 1761 millia
1567 1732 1826 1771 aureorum.
1847 1719 1949 1761 Re--

289 1796 465 1854 liquum
487 1802 572 1849 est,
598 1795 866 1839 Reuerende
891 1796 1042 1847 Pater,
1069 1801 1121 1838 ut
1141 1809 1213 1838 me
1236 1801 1382 1838 totum
1399 1794 1490 1839 tuis
1506 1794 1789 1839 orationibus
1811 1808 1946 1838 com-

289 1875 517 1927 mendem,
543 1872 925 1929 quemadmodum
947 1886 1031 1915 nos
1053 1887 1145 1916 non
1174 1886 1406 1916 cessamus
1435 1879 1479 1916 te
1506 1871 1696 1925 nostris,
1728 1871 1946 1928 quamvis.

288 1951 483 2010 frigidis,
508 1949 740 1995 sacrificiis
762 1951 861 1993 Deo
883 1950 1217 1994 commendare.
1243 1950 1374 1994 Vale.

376 2032 547 2074 Datum
577 2040 629 2082 14
650 2027 863 2071 calendas
886 2027 1090 2080 Martias,
1114 2026 1161 2070 id
1182 2033 1268 2080 est,
1299 2027 1351 2071 16
1372 2026 1446 2071 die
1472 2026 1727 2071 Februarii.
1752 2026 1866 2070 Vale
1887 2025 1942 2072 im

286 2107 502 2153 Domino.
533 2106 726 2149 Eborae.

374 2187 446 2230 De
469 2186 605 2228 Patre
627 2183 781 2226 Leone
803 2181 912 2237 quid
934 2181 1128 2225 scribam
1153 2183 1551 2239 (quemadmodum
1572 2180 1683 2224 mihi
1704 2195 1762 2224 ex
1784 2180 1943 2228 officio

285 2261 558 2308 consultoris
587 2258 831 2316 incumbit)
861 2259 973 2302 nihil
1003 2259 1126 2303 aliud
1153 2261 1301 2304 habeo
1328 2274 1463 2315 quam
1502 2259 1625 2315 quod
1662 2258 1759 2315 ipse
1796 2272 1941 2314 saepe.

282 2339 581 2397 conqueritur
613 2337 680 2396 (id
709 2343 861 2380 tamen
889 2336 1102 2393 priuatim
1131 2338 1188 2380 ab
1220 2336 1319 2394 ipso
1353 2336 1529 2393 audiui)
1559 2351 1608 2380 se
1639 2351 1735 2380 non
1762 2336 1940 2388 habere

281 2418 556 2469 ministrum,
581 2416 704 2472 quod
725 2429 814 2471 ego
835 2415 971 2458 credo
992 2413 1057 2458 ita
1072 2429 1186 2458 esse.
1209 2413 1292 2458 Vir
1308 2414 1506 2471 optimus
1523 2420 1593 2458 est
1608 2412 1828 2467 minister,
1847 2413 1951 2457 sed·

280 2510 375 2540 non
396 2495 460 2539 ita
481 2493 684 2538 solicitus
705 2491 887 2535 videtur
908 2506 1009 2535 esse
1030 2491 1078 2534 in
1099 2491 1296 2548 agendo,
1324 2498 1375 2534 ut
1392 2492 1479 2535 tale
1495 2491 1695 2535 officium
1717 2489 1930 2547 requirit..

854 2569 1076 2626 Indignus
1098 2575 1144 2612 et
1165 2567 1339 2611 inutilis
1367 2568 1504 2621 filius,

1390 2647 1684 2691 MAUR1c1Us.

368 2804 616 2860 Inscriptio
637 2803 689 2846 in
712 2772 880 2859 quarta
896 2803 1102 2861 pagina:
1123 2764 1212 2845 1i1s.
1240 2802 1312 2844 Ao
1343 2801 1459 2844 Rdo.
1485 2815 1543 2844 en
1572 2799 1755 2844 Christo
1778 2801 1933 2845 Padre

271 2899 303 2928 o
328 2886 382 2929 P.
401 2885 650 2941 Jeronymo
673 2879 820 2924 Nadal
843 2879 1082 2924 comisairo
1103 2879 1230 2936 geral
1251 2872 1310 2922 da
1332 2877 1617 2935 Companhia
1638 2878 1696 2921 de
1711 2879 1839 2936 Jesu.

296 2972 299 2975 ⁴
363 2961 472 3004 Alia
494 2972 654 3003 manu:
676 2956 784 3002 Sine
806 2971 942 3000 anno.
981 2958 1107 3012 1561.
1140 2957 1334 3000 Eborae.
1365 2954 1629 3000 Mauricius.
1667 2955 1720 2999 16
1749 2955 1942 3000 Febru0

373 3037 626 3095 Vestigium
649 3037 855 3079 remanet
882 3034 1046 3091 sigilli.
