2060 3490
720 276 761 303 21
791 266 1009 305 Oc‘rossms
1037 276 1128 312 1552
1243 303 1246 306 ,
1684 269 1746 306 131

888 528 971 568 112

528 638 581 680 P.
633 637 1049 682 HIERONYMUS
1097 637 1320 681 NADAL

441 743 684 782 SANCTO
726 743 990 792 IGNATuo
1033 745 1111 780 DE
1154 743 1406 783 LOYOLA

540 839 770 894 Panormi,
798 852 850 884 21
883 839 1100 885 Octobris
1135 850 1244 895 1552
1278 842 1307 883 ¹.

99 974 137 1008 Ι,
156 975 192 1001 2.
219 966 282 1001 De
298 967 408 1001 statu
430 965 591 1014 collegii
608 964 1010 1012 panormitani.—3.'
1025 966 1250 1014 Proregem
1273 967 1456 1002 nondum
1477 967 1750 1003 advenisse.—

174 1034 215 1069 4.
257 1025 405 1061 Variae
419 1024 691 1073 fundationes
713 1025 935 1068 Messanae,
955 1026 1208 1068 ministeria,
1239 1026 1393 1072 aliique
1424 1026 1580 1063 labores
1609 1028 1752 1064 Patris

175 1083 325 1120 Nadal.
329 1094 413 1129 —5.
443 1085 503 1120 De
519 1085 699 1121 novitiis.
702 1085 788 1121 -6.
815 1086 877 1121 De
894 1088 1044 1121 rectore
1058 1082 1233 1134 collegii,
1251 1085 1424 1132 aliisque
1442 1086 1700 1134 officialibus⁸
1704 1109 1751 1114 —

175 1153 210 1190 7
236 1145 299 1180 De
317 1145 367 1180 Ρ.
386 1145 602 1195 Benedicta
620 1145 799 1183 Palmio.
800 1145 886 1181 -8,
920 1146 982 1181 De
1005 1146 1173 1181 caeteris
1195 1146 1410 1194 magistris
1437 1147 1612 1194 collegii,
1643 1150 1681 1183 et
1703 1148 1751 1183 de

172 1204 428 1240 scholasticis.
431 1213 520 1249 -9.
548 1204 610 1240 De
623 1205 784 1240 abbatia
799 1205 970 1241 Sanctae
984 1205 1145 1241 Mariae
1159 1205 1262 1241 della
1277 1205 1544 1242 Grotta.—10.
1572 1206 1634 1242 De
1652 1207 1751 1243 alte·
1770 1242 1772 1244 ,

174 1276 226 1300 ra
242 1264 403 1302 abbatia
414 1267 493 1312 pro
510 1264 678 1312 collegio
702 1266 960 1302 mamertino.

750 1351 885 1408 Jcsus
908 1349 938 1407 †
960 1349 1118 1394 Maria.

194 1446 260 1489 La
287 1444 434 1502 gratia
461 1452 507 1489 et
533 1459 645 1502 pace
676 1445 734 1488 de
769 1444 951 1489 Christo
985 1451 1142 1488 nostro
1179 1444 1349 1501 Signor
1385 1444 1453 1488 sia
1484 1459 1665 1502 sempre
1697 1445 1756 1488 in·

102 1529 260 1566 nostro
281 1522 498 1566 continuo
522 1523 653 1566 fauor
672 1528 719 1567 et
740 1521 935 1579 agiutto.
963 1523 1128 1566 Amen.

203 1613 240 1644 1.
306 1600 469 1654 Padre‚
494 1601 625 1645 laltra
644 1599 886 1663 settimana
912 1599 1065 1644 scrissi
1085 1601 1101 1622 ³
1126 1600 1214 1644 alla
1242 1602 1296 1645 P.
1331 1601 1389 1644 V.
1421 1615 1502 1658 per
1528 1601 1753 1646 necessita

102 1678 164 1722 de
190 1677 302 1721 certi
322 1677 426 1721 libri
453 1677 696 1722 necessarii
724 1691 804 1734 per
830 1676 861 1721 li
893 1676 1033 1722 studii
1060 1677 1106 1721 di
1134 1686 1297 1733 questo
1328 1677 1523 1735 collegio
1544 1693 1640 1722 non
1668 1693 1752 1736 po—

106 1756 246 1800 tendo
267 1754 347 1812 pisi
363 1755 619 1812 allargarmi
636 1770 717 1812 per
733 1754 1019 1812 occupationi
1036 1755 1111 1800 del
1127 1755 1348 1813 principio
1363 1755 1469 1800 delli
1485 1755 1640 1809 studii,
1661 1763 1749 1802 etc.

154 1853 159 1854 ⁷
198 1845 240 1876 2.
306 1834 382 1876 Ho
404 1839 584 1876 trouato
605 1847 686 1889 per
702 1831 850 1890 gratia
870 1833 944 1876 del
961 1831 1130 1890 Signor
1146 1839 1309 1889 questo
1324 1832 1519 1890 collegio
1535 1832 1584 1876 in
1598 1834 1754 1877 buono

106 1912 266 1963 esser’,
297 1917 344 1954 et
371 1909 477 1953 tutti
503 1924 591 1954 con
618 1910 758 1954 molto
785 1911 939 1953 buono
968 1909 1119 1954 animo
1140 1911 1261 1954 nelle
1287 1925 1371 1955 sue
1398 1909 1686 1967 occupationi
1708 1917 1756 1954 et

108 1987 328 2041 exercitii,
353 1987 610 2031 benedictus
631 1988 862 2030 Dominus
884 1988 916 2030 ³.
944 1988 992 2031 M
998 1997 1055 2030 ,ro
1076 1988 1272 2046 Boteglo
1294 1988 1310 2009 ⁴
1334 1987 1516 2044 predica
1532 1988 1575 2031 lc
1596 1988 1755 2031 dome-

110 2065 245 2109 niche
266 2079 354 2109 con
380 2066 534 2108 buona
559 2064 878 2119 satisfattione‚
908 2071 955 2108 et
975 2066 1036 2108 ha
1063 2064 1143 2121 pisi
1171 2071 1327 2122 gente,
1354 2065 1554 2109 secondo
1575 2067 1661 2110 che
1683 2081 1756 2110 me

43 2136 48 2141 “
109 2143 291 2196 dicono,
321 2143 408 2186 che
434 2156 528 2185 non
552 2143 702 2203 hauea
729 2143 841 2186 Μ.ῐο
872 2141 1025 2186 Pietro
1063 2142 1381 2187 Ribadeneira.
1422 2143 1528 2186 Non
1566 2144 1611 2187 fa
1642 2144 1757 2186 altro

112 2227 232 2264 tutta
251 2221 296 2263 la
316 2219 558 2264 settimana
578 2221 665 2263 che
686 2219 768 2263 far’
794 2219 992 2276 predica,
1017 2221 1196 2264 bench&
1225 2220 1376 2264 uorrei
1405 2219 1758 2277 esperimentare

112 2312 162 2342 se
183 2299 313 2354 potra
334 2298 430 2341 dar'
454 2297 546 2341 due
567 2299 680 2341 hore
701 2297 810 2354 ogni
832 2296 995 2354 giorno
1017 2298 1106 2341 allo
1127 2299 1315 2351 hebreo,
1340 2305 1387 2341 et
1408 2297 1472 2340 lui
1494 2312 1553 2341 ne
1568 2299 1628 2341 ha
1644 2312 1760 2354 poco

112 2375 265 2420 animo
280 2375 339 2419 de
354 2375 528 2431 poterlo
546 2375 646 2419 far’:
666 2375 873 2418 almanco
889 2376 1134 2419 haueremo
1155 2376 1241 2418 che
1260 2373 1479 2431 predichi.
1499 2376 1558 2418 D.
1581 2362 1721 2419 Paolo
1746 2376 1760 2397 ⁵

114 2453 252 2509 legge
272 2452 317 2496 13
338 2451 537 2495 dottrina
558 2451 819 2505 christiana,
844 2458 891 2495 et
912 2451 1043 2495 udira
1069 2452 1113 2495 13
1140 2451 1329 2506 lettione
1354 2451 1446 2496 mia
1472 2453 1656 2504 hebrea,
1688 2467 1762 2495 re-

115 2530 279 2573 stando
306 2530 427 2573 nella
453 2529 610 2573 schola
637 2543 725 2572 con
751 2529 782 2571 li
810 2528 1005 2573 scholari
1027 2543 1108 2585 per
1130 2528 1329 2586 repetirli
1351 2530 1394 2573 le
1415 2528 1608 2582 lettioni,
1635 2536 1762 2573 tanto

188 2667 199 2688 ¹
249 2666 309 2701 Ex
326 2664 522 2712 originali,
541 2664 582 2700 in
601 2665 730 2712 Epist.
751 2664 905 2709 Natat„
928 2665 960 2709 Ι,
978 2664 1126 2711 duplici
1142 2663 1228 2710 fol.,
1247 2673 1269 2700 2
1287 2663 1374 2708 (103
1392 2669 1433 2699 et
1451 2666 1546 2709 104).
1564 2663 1657 2699 Sola
1671 2665 1761 2699 sub-

111 2724 275 2772 scriptio
293 2730 355 2761 est
377 2726 632 2772 autographa.
658 2725 765 2761 Usus
790 2730 852 2760 est
874 2725 946 2760 hac
965 2723 1131 2771 epistola
1148 2724 1193 2759 P.
1214 2724 1435 2770 POLANCO‚
1460 2722 1499 2759 in
1524 2722 1686 2767 Chron„
1709 2723 1761 2770 ΙΙ,

117 2794 188 2831 529
205 2790 246 2820 et
263 2796 347 2832 seq.

187 2847 202 2866 2
253 2845 366 2879 Hanc
384 2843 591 2891 epistolam
609 2843 789 2891 nuspiam
806 2843 991 2879 vidimus.

188 2904 203 2924 ³
253 2902 382 2939 Vide
372 2914 413 2938 m
434 2903 528 2942 Litt.
551 2903 786 2949 Quadrim„
809 2903 842 2950 Ι,
859 2901 926 2939 631
933 2902 1032 2948 -635;
1052 2910 1139 2948 719-
1141 2910 1226 2949 729,
1242 2906 1389 2937 statum
1404 2901 1508 2937 illius
1523 2900 1682 2947 collegii
1695 2913 1766 2949 per

119 2963 160 2999 id
177 2969 346 3010 tempus.

193 3024 208 3045 ⁴
258 3021 423 3060 Michael
442 3022 632 3058 Botellus.

193 3083 209 3104 ⁵
259 3082 302 3117 Ρ,
324 3081 470 3117 Paulus
487 3080 526 3116 d’
547 3081 727 3118 Achillis.
