<?xml version="1.0" encoding="UTF-8"?>
<!DOCTYPE html PUBLIC "-//W3C//DTD XHTML 1.0 Transitional//EN"
    "http://www.w3.org/TR/xhtml1/DTD/xhtml1-transitional.dtd">
<html xmlns="http://www.w3.org/1999/xhtml" xml:lang="en" lang="en">
 <head>
  <title>
</title>
<meta http-equiv="Content-Type" content="text/html;charset=utf-8" />
  <meta name='ocr-system' content='tesseract 3.04.00' />
  <meta name='ocr-capabilities' content='ocr_page ocr_carea ocr_par ocr_line ocrx_word'/>
</head>
<body>
  <div class='ocr_page' id='page_1' title='image "./epistolaephieron01nadauoft_0883.png"; bbox 0 0 2020 3464; ppageno 0'>
   <div class='ocr_carea' id='block_1_1' title="bbox 874 254 1802 302">
    <p class='ocr_par' dir='ltr' id='par_1_1' title="bbox 874 254 1802 302">
     <span class='ocr_line' id='line_1_1' title="bbox 874 254 1802 302; baseline -0.005 -11"><span class='ocrx_word' id='word_1_1' title='bbox 874 254 1094 291; x_wconf 69' lang='lat' dir='ltr'>Appnnmx</span> <span class='ocrx_word' id='word_1_2' title='bbox 1733 254 1802 302; x_wconf 86' lang='lat'>805</span> 
     </span>
    </p>
   </div>
   <div class='ocr_carea' id='block_1_2' title="bbox 160 349 1807 1002">
    <p class='ocr_par' dir='ltr' id='par_1_2' title="bbox 160 349 1804 468">
     <span class='ocr_line' id='line_1_2' title="bbox 160 349 1804 408; baseline 0 -13"><span class='ocrx_word' id='word_1_3' title='bbox 160 349 310 395; x_wconf 90' lang='lat' dir='ltr'>stituit</span> <span class='ocrx_word' id='word_1_4' title='bbox 331 356 382 394; x_wconf 90' lang='lat' dir='ltr'>ut</span> <span class='ocrx_word' id='word_1_5' title='bbox 404 358 628 407; x_wconf 89' lang='lat' dir='ltr'>quotquot</span> <span class='ocrx_word' id='word_1_6' title='bbox 644 351 766 395; x_wconf 91' lang='lat' dir='ltr'>domi</span> <span class='ocrx_word' id='word_1_7' title='bbox 783 358 912 396; x_wconf 88' lang='lat' dir='ltr'>erant</span> <span class='ocrx_word' id='word_1_8' title='bbox 934 350 1018 395; x_wconf 88' lang='lat' dir='ltr'>sibi</span> <span class='ocrx_word' id='word_1_9' title='bbox 1036 350 1238 408; x_wconf 88' lang='lat' dir='ltr'>generali</span> <span class='ocrx_word' id='word_1_10' title='bbox 1255 365 1372 408; x_wconf 90' lang='lat' dir='ltr'>pene</span> <span class='ocrx_word' id='word_1_11' title='bbox 1388 351 1678 397; x_wconf 88' lang='lat' dir='ltr'>confessione</span> <span class='ocrx_word' id='word_1_12' title='bbox 1693 365 1804 396; x_wconf 90' lang='lat' dir='ltr'>con-</span> 
     </span>
     <span class='ocr_line' id='line_1_3' title="bbox 163 410 1116 468; baseline 0.001 -15"><span class='ocrx_word' id='word_1_13' title='bbox 163 411 415 463; x_wconf 92' lang='lat' dir='ltr'>fiterentur,</span> <span class='ocrx_word' id='word_1_14' title='bbox 441 426 525 454; x_wconf 92' lang='lat' dir='ltr'>suo</span> <span class='ocrx_word' id='word_1_15' title='bbox 547 411 713 467; x_wconf 91' lang='lat' dir='ltr'>cuique</span> <span class='ocrx_word' id='word_1_16' title='bbox 733 410 1005 468; x_wconf 88' lang='lat' dir='ltr'>praestituto</span> <span class='ocrx_word' id='word_1_17' title='bbox 1027 411 1116 456; x_wconf 90' lang='lat' dir='ltr'>die.</span> 
     </span>
    </p>

    <p class='ocr_par' dir='ltr' id='par_1_3' title="bbox 164 469 1807 1002">
     <span class='ocr_line' id='line_1_4' title="bbox 231 469 1806 527; baseline 0 -13"><span class='ocrx_word' id='word_1_18' title='bbox 231 469 445 514; x_wconf 69' lang='lat' dir='ltr'>&#39;Tacitus</span> <span class='ocrx_word' id='word_1_19' title='bbox 486 478 722 527; x_wconf 91' lang='lat' dir='ltr'>praetereo</span> <span class='ocrx_word' id='word_1_20' title='bbox 755 470 842 514; x_wconf 91' lang='lat' dir='ltr'>alia</span> <span class='ocrx_word' id='word_1_21' title='bbox 879 470 1224 515; x_wconf 85' lang='lat' dir='ltr'>consuetudinis</span> <span class='ocrx_word' id='word_1_22' title='bbox 1260 469 1664 526; x_wconf 82' lang='lat' dir='ltr'>familiaritatisque</span> <span class='ocrx_word' id='word_1_23' title='bbox 1694 485 1806 514; x_wconf 91' lang='lat' dir='ltr'>con-</span> 
     </span>
     <span class='ocr_line' id='line_1_5' title="bbox 165 529 1801 587; baseline 0.002 -16"><span class='ocrx_word' id='word_1_24' title='bbox 165 529 391 574; x_wconf 90' lang='lat' dir='ltr'>iunctiora</span> <span class='ocrx_word' id='word_1_25' title='bbox 412 545 597 587; x_wconf 87' lang='lat' dir='ltr'>genera.</span> <span class='ocrx_word' id='word_1_26' title='bbox 623 530 850 574; x_wconf 91' lang='lat' dir='ltr'>Inuitabat</span> <span class='ocrx_word' id='word_1_27' title='bbox 872 545 1029 573; x_wconf 89' lang='lat' dir='ltr'>omnes</span> <span class='ocrx_word' id='word_1_28' title='bbox 1052 530 1209 573; x_wconf 92' lang='lat' dir='ltr'>ordine</span> <span class='ocrx_word' id='word_1_29' title='bbox 1231 531 1288 573; x_wconf 89' lang='lat' dir='ltr'>ad</span> <span class='ocrx_word' id='word_1_30' title='bbox 1309 545 1529 583; x_wconf 89' lang='lat' dir='ltr'>mensam,</span> <span class='ocrx_word' id='word_1_31' title='bbox 1554 545 1678 574; x_wconf 91' lang='lat' dir='ltr'>nunc</span> <span class='ocrx_word' id='word_1_32' title='bbox 1699 533 1801 584; x_wconf 88' lang='lat' dir='ltr'>hos,</span> 
     </span>
     <span class='ocr_line' id='line_1_6' title="bbox 166 589 1807 648; baseline 0.001 -16"><span class='ocrx_word' id='word_1_33' title='bbox 166 603 291 633; x_wconf 90' lang='lat' dir='ltr'>nunc</span> <span class='ocrx_word' id='word_1_34' title='bbox 312 589 428 642; x_wconf 90' lang='lat' dir='ltr'>illos,</span> <span class='ocrx_word' id='word_1_35' title='bbox 454 590 600 633; x_wconf 92' lang='lat' dir='ltr'>donec</span> <span class='ocrx_word' id='word_1_36' title='bbox 627 605 686 634; x_wconf 93' lang='lat' dir='ltr'>ne</span> <span class='ocrx_word' id='word_1_37' title='bbox 718 605 838 633; x_wconf 91' lang='lat' dir='ltr'>unus</span> <span class='ocrx_word' id='word_1_38' title='bbox 866 589 1048 645; x_wconf 89' lang='lat' dir='ltr'>quidem</span> <span class='ocrx_word' id='word_1_39' title='bbox 1080 596 1353 645; x_wconf 81' lang='lat' dir='ltr'>superesset.</span> <span class='ocrx_word' id='word_1_40' title='bbox 1390 591 1562 645; x_wconf 90' lang='lat' dir='ltr'>Itaque,</span> <span class='ocrx_word' id='word_1_41' title='bbox 1597 597 1649 633; x_wconf 92' lang='lat' dir='ltr'>ut</span> <span class='ocrx_word' id='word_1_42' title='bbox 1675 591 1807 648; x_wconf 90' lang='lat' dir='ltr'>coepi</span> 
     </span>
     <span class='ocr_line' id='line_1_7' title="bbox 166 647 1803 706; baseline 0.001 -14"><span class='ocrx_word' id='word_1_43' title='bbox 166 647 332 701; x_wconf 87' lang='lat' dir='ltr'>dicere,</span> <span class='ocrx_word' id='word_1_44' title='bbox 358 663 684 705; x_wconf 86' lang='lat' dir='ltr'>nonnunquam</span> <span class='ocrx_word' id='word_1_45' title='bbox 707 649 901 706; x_wconf 92' lang='lat' dir='ltr'>publicis</span> <span class='ocrx_word' id='word_1_46' title='bbox 918 649 1325 703; x_wconf 87' lang='lat' dir='ltr'>exhortationibus,</span> <span class='ocrx_word' id='word_1_47' title='bbox 1345 663 1687 704; x_wconf 87' lang='lat' dir='ltr'>nonnumquam</span> <span class='ocrx_word' id='word_1_48' title='bbox 1705 665 1803 693; x_wconf 86' lang='lat' dir='ltr'>mo—</span> 
     </span>
     <span class='ocr_line' id='line_1_8' title="bbox 166 707 1804 765; baseline 0.001 -14"><span class='ocrx_word' id='word_1_49' title='bbox 166 707 274 752; x_wconf 90' lang='lat' dir='ltr'>nitis</span> <span class='ocrx_word' id='word_1_50' title='bbox 294 708 671 765; x_wconf 86' lang='lat' dir='ltr'>documentisque</span> <span class='ocrx_word' id='word_1_51' title='bbox 691 708 898 765; x_wconf 89' lang='lat' dir='ltr'>priuatis,</span> <span class='ocrx_word' id='word_1_52' title='bbox 923 708 1090 764; x_wconf 89' lang='lat' dir='ltr'>quibus</span> <span class='ocrx_word' id='word_1_53' title='bbox 1111 708 1318 764; x_wconf 88' lang='lat' dir='ltr'>singulos</span> <span class='ocrx_word' id='word_1_54' title='bbox 1338 707 1607 761; x_wconf 88' lang='lat' dir='ltr'>instruebat,</span> <span class='ocrx_word' id='word_1_55' title='bbox 1628 709 1804 752; x_wconf 89' lang='lat' dir='ltr'>inflam-</span> 
     </span>
     <span class='ocr_line' id='line_1_9' title="bbox 165 767 1804 824; baseline 0.001 -14"><span class='ocrx_word' id='word_1_56' title='bbox 165 782 289 811; x_wconf 88' lang='lat' dir='ltr'>mare</span> <span class='ocrx_word' id='word_1_57' title='bbox 311 768 549 812; x_wconf 91' lang='lat' dir='ltr'>uniuersos</span> <span class='ocrx_word' id='word_1_58' title='bbox 572 768 700 824; x_wconf 88' lang='lat' dir='ltr'>quasi</span> <span class='ocrx_word' id='word_1_59' title='bbox 722 767 993 824; x_wconf 91' lang='lat' dir='ltr'>quibusdam</span> <span class='ocrx_word' id='word_1_60' title='bbox 1015 767 1180 810; x_wconf 92' lang='lat' dir='ltr'>amoris</span> <span class='ocrx_word' id='word_1_61' title='bbox 1203 767 1378 810; x_wconf 90' lang='lat' dir='ltr'>facibus</span> <span class='ocrx_word' id='word_1_62' title='bbox 1398 782 1678 824; x_wconf 80' lang='lat' dir='ltr'>magnopere</span> <span class='ocrx_word' id='word_1_63' title='bbox 1705 768 1804 812; x_wconf 91' lang='lat' dir='ltr'>eni-</span> 
     </span>
     <span class='ocr_line' id='line_1_10' title="bbox 165 826 1802 883; baseline 0 -13"><span class='ocrx_word' id='word_1_64' title='bbox 165 828 361 881; x_wconf 91' lang='lat' dir='ltr'>tebatur;</span> <span class='ocrx_word' id='word_1_65' title='bbox 387 828 509 883; x_wconf 93' lang='lat' dir='ltr'>quod</span> <span class='ocrx_word' id='word_1_66' title='bbox 531 834 583 870; x_wconf 95' lang='lat' dir='ltr'>ut</span> <span class='ocrx_word' id='word_1_67' title='bbox 610 827 892 871; x_wconf 91' lang='lat' dir='ltr'>commodius</span> <span class='ocrx_word' id='word_1_68' title='bbox 919 833 1253 882; x_wconf 85' lang='lat' dir='ltr'>assequeretur,</span> <span class='ocrx_word' id='word_1_69' title='bbox 1283 826 1487 870; x_wconf 90' lang='lat' dir='ltr'>decreuit</span> <span class='ocrx_word' id='word_1_70' title='bbox 1514 834 1562 870; x_wconf 95' lang='lat' dir='ltr'>et</span> <span class='ocrx_word' id='word_1_71' title='bbox 1589 827 1719 871; x_wconf 87' lang='lat' dir='ltr'>iussit</span> <span class='ocrx_word' id='word_1_72' title='bbox 1751 835 1802 870; x_wconf 95' lang='lat' dir='ltr'>ut</span> 
     </span>
     <span class='ocr_line' id='line_1_11' title="bbox 164 885 1803 943; baseline 0 -13"><span class='ocrx_word' id='word_1_73' title='bbox 164 893 293 932; x_wconf 88' lang='lat' dir='ltr'>sexta</span> <span class='ocrx_word' id='word_1_74' title='bbox 324 901 506 942; x_wconf 91' lang='lat' dir='ltr'>quaque</span> <span class='ocrx_word' id='word_1_75' title='bbox 534 886 646 934; x_wconf 86' lang='lat' dir='ltr'>feria</span> <span class='ocrx_word' id='word_1_76' title='bbox 672 886 867 943; x_wconf 82' lang='lat' dir='ltr'>singulis</span> <span class='ocrx_word' id='word_1_77' title='bbox 894 886 1208 938; x_wconf 85' lang='lat' dir='ltr'>hebdomadis,</span> <span class='ocrx_word' id='word_1_78' title='bbox 1234 886 1354 929; x_wconf 90' lang='lat' dir='ltr'>intra</span> <span class='ocrx_word' id='word_1_79' title='bbox 1380 885 1517 929; x_wconf 88' lang='lat' dir='ltr'>unius</span> <span class='ocrx_word' id='word_1_80' title='bbox 1538 888 1677 931; x_wconf 91' lang='lat' dir='ltr'>horae</span> <span class='ocrx_word' id='word_1_81' title='bbox 1699 902 1803 943; x_wconf 93' lang='lat' dir='ltr'>spa-</span> 
     </span>
     <span class='ocr_line' id='line_1_12' title="bbox 164 945 1803 1002; baseline -0.001 -12"><span class='ocrx_word' id='word_1_82' title='bbox 164 946 292 999; x_wconf 91' lang='lat' dir='ltr'>tium,</span> <span class='ocrx_word' id='word_1_83' title='bbox 324 947 523 990; x_wconf 90' lang='lat' dir='ltr'>alternae</span> <span class='ocrx_word' id='word_1_84' title='bbox 545 948 822 990; x_wconf 89' lang='lat' dir='ltr'>haberentur</span> <span class='ocrx_word' id='word_1_85' title='bbox 842 945 1086 989; x_wconf 92' lang='lat' dir='ltr'>conciones</span> <span class='ocrx_word' id='word_1_86' title='bbox 1114 953 1160 989; x_wconf 90' lang='lat' dir='ltr'>et</span> <span class='ocrx_word' id='word_1_87' title='bbox 1181 945 1446 989; x_wconf 90' lang='lat' dir='ltr'>collationes</span> <span class='ocrx_word' id='word_1_88' title='bbox 1473 945 1729 1002; x_wconf 88' lang='lat' dir='ltr'>spirituales</span> <span class='ocrx_word' id='word_1_89' title='bbox 1755 947 1803 989; x_wconf 91' lang='lat' dir='ltr'>in</span> 
     </span>
    </p>
   </div>
   <div class='ocr_carea' id='block_1_3' title="bbox 91 1005 1802 1061">
    <p class='ocr_par' dir='ltr' id='par_1_4' title="bbox 91 1005 1802 1061">
     <span class='ocr_line' id='line_1_13' title="bbox 91 1005 1802 1061; baseline 0 -12"><span class='ocrx_word' id='word_1_90' title='bbox 91 1017 95 1019; x_wconf 69' lang='grc'><strong>’</strong></span> <span class='ocrx_word' id='word_1_91' title='bbox 162 1005 366 1049; x_wconf 92' lang='lat' dir='ltr'>omnium</span> <span class='ocrx_word' id='word_1_92' title='bbox 390 1007 578 1049; x_wconf 90' lang='lat' dir='ltr'>fratrum</span> <span class='ocrx_word' id='word_1_93' title='bbox 602 1008 882 1061; x_wconf 90' lang='lat' dir='ltr'>Patrumque</span> <span class='ocrx_word' id='word_1_94' title='bbox 904 1005 1175 1061; x_wconf 87' lang='lat' dir='ltr'>frequentia,</span> <span class='ocrx_word' id='word_1_95' title='bbox 1199 1005 1377 1048; x_wconf 89' lang='lat' dir='ltr'>omissis</span> <span class='ocrx_word' id='word_1_96' title='bbox 1398 1005 1485 1058; x_wconf 91' lang='lat' dir='ltr'>his,</span> <span class='ocrx_word' id='word_1_97' title='bbox 1509 1020 1623 1061; x_wconf 90' lang='lat' dir='ltr'>quas</span> <span class='ocrx_word' id='word_1_98' title='bbox 1644 1007 1702 1049; x_wconf 94' lang='lat' dir='ltr'>ad</span> <span class='ocrx_word' id='word_1_99' title='bbox 1718 1021 1802 1049; x_wconf 89' lang='lat' dir='ltr'>no-</span> 
     </span>
    </p>
   </div>
   <div class='ocr_carea' id='block_1_4' title="bbox 100 1064 1843 3146">
    <p class='ocr_par' dir='ltr' id='par_1_5' title="bbox 163 1064 1803 1348">
     <span class='ocr_line' id='line_1_14' title="bbox 163 1064 1803 1122; baseline 0.001 -14"><span class='ocrx_word' id='word_1_100' title='bbox 163 1065 300 1108; x_wconf 88' lang='lat' dir='ltr'>uitios</span> <span class='ocrx_word' id='word_1_101' title='bbox 321 1065 532 1122; x_wconf 92' lang='lat' dir='ltr'>priuatim</span> <span class='ocrx_word' id='word_1_102' title='bbox 554 1065 712 1109; x_wconf 90' lang='lat' dir='ltr'>haberi</span> <span class='ocrx_word' id='word_1_103' title='bbox 735 1065 881 1109; x_wconf 89' lang='lat' dir='ltr'>uoluit</span> <span class='ocrx_word' id='word_1_104' title='bbox 902 1065 1167 1110; x_wconf 88' lang='lat' dir='ltr'>crebriores.</span> <span class='ocrx_word' id='word_1_105' title='bbox 1194 1064 1355 1109; x_wconf 89' lang='lat' dir='ltr'>Visum</span> <span class='ocrx_word' id='word_1_106' title='bbox 1372 1064 1507 1108; x_wconf 91' lang='lat' dir='ltr'>etiam</span> <span class='ocrx_word' id='word_1_107' title='bbox 1525 1065 1611 1108; x_wconf 86' lang='lat' dir='ltr'>fuit</span> <span class='ocrx_word' id='word_1_108' title='bbox 1629 1065 1755 1109; x_wconf 88' lang='lat' dir='ltr'>Patri</span> <span class='ocrx_word' id='word_1_109' title='bbox 1777 1081 1803 1109; x_wconf 90' lang='lat' dir='ltr'>e</span> 
     </span>
     <span class='ocr_line' id='line_1_15' title="bbox 164 1124 1802 1180; baseline 0 -12"><span class='ocrx_word' id='word_1_110' title='bbox 164 1140 213 1169; x_wconf 90' lang='lat' dir='ltr'>re</span> <span class='ocrx_word' id='word_1_111' title='bbox 249 1132 404 1168; x_wconf 90' lang='lat' dir='ltr'>nostra</span> <span class='ocrx_word' id='word_1_112' title='bbox 440 1126 536 1169; x_wconf 89' lang='lat' dir='ltr'>fore</span> <span class='ocrx_word' id='word_1_113' title='bbox 563 1125 602 1169; x_wconf 92' lang='lat' dir='ltr'>si</span> <span class='ocrx_word' id='word_1_114' title='bbox 631 1125 778 1169; x_wconf 90' lang='lat' dir='ltr'>nostri</span> <span class='ocrx_word' id='word_1_115' title='bbox 805 1124 1078 1168; x_wconf 88' lang='lat' dir='ltr'>christianae</span> <span class='ocrx_word' id='word_1_116' title='bbox 1111 1124 1344 1168; x_wconf 90' lang='lat' dir='ltr'>doctrinae</span> <span class='ocrx_word' id='word_1_117' title='bbox 1372 1124 1589 1180; x_wconf 91' lang='lat' dir='ltr'>puerilem</span> <span class='ocrx_word' id='word_1_118' title='bbox 1617 1124 1802 1168; x_wconf 89' lang='lat' dir='ltr'>institu-</span> 
     </span>
     <span class='ocr_line' id='line_1_16' title="bbox 165 1183 1802 1242; baseline -0.001 -14"><span class='ocrx_word' id='word_1_119' title='bbox 165 1185 334 1229; x_wconf 88' lang='lat' dir='ltr'>tionem</span> <span class='ocrx_word' id='word_1_120' title='bbox 356 1184 656 1242; x_wconf 87' lang='lat' dir='ltr'>susciperent,</span> <span class='ocrx_word' id='word_1_121' title='bbox 681 1200 762 1241; x_wconf 89' lang='lat' dir='ltr'>per</span> <span class='ocrx_word' id='word_1_122' title='bbox 782 1198 940 1227; x_wconf 89' lang='lat' dir='ltr'>omnes</span> <span class='ocrx_word' id='word_1_123' title='bbox 962 1184 1099 1227; x_wconf 94' lang='lat' dir='ltr'>huius</span> <span class='ocrx_word' id='word_1_124' title='bbox 1121 1183 1246 1227; x_wconf 92' lang='lat' dir='ltr'>urbis</span> <span class='ocrx_word' id='word_1_125' title='bbox 1263 1184 1514 1239; x_wconf 88' lang='lat' dir='ltr'>parochias,</span> <span class='ocrx_word' id='word_1_126' title='bbox 1534 1184 1609 1227; x_wconf 92' lang='lat' dir='ltr'>cui</span> <span class='ocrx_word' id='word_1_127' title='bbox 1626 1185 1802 1228; x_wconf 92' lang='lat' dir='ltr'>muneri</span> 
     </span>
     <span class='ocr_line' id='line_1_17' title="bbox 164 1243 1802 1300; baseline 0.001 -13"><span class='ocrx_word' id='word_1_128' title='bbox 164 1245 321 1288; x_wconf 91' lang='lat' dir='ltr'>datum</span> <span class='ocrx_word' id='word_1_129' title='bbox 341 1244 430 1288; x_wconf 87' lang='lat' dir='ltr'>iarn</span> <span class='ocrx_word' id='word_1_130' title='bbox 452 1252 522 1288; x_wconf 89' lang='lat' dir='ltr'>est</span> <span class='ocrx_word' id='word_1_131' title='bbox 543 1244 722 1288; x_wconf 90' lang='lat' dir='ltr'>initium</span> <span class='ocrx_word' id='word_1_132' title='bbox 745 1244 839 1300; x_wconf 89' lang='lat' dir='ltr'>pari</span> <span class='ocrx_word' id='word_1_133' title='bbox 861 1251 1153 1288; x_wconf 86' lang='lat' dir='ltr'>externorum</span> <span class='ocrx_word' id='word_1_134' title='bbox 1182 1243 1377 1287; x_wconf 88' lang='lat' dir='ltr'>utilitate</span> <span class='ocrx_word' id='word_1_135' title='bbox 1406 1251 1452 1287; x_wconf 93' lang='lat' dir='ltr'>et</span> <span class='ocrx_word' id='word_1_136' title='bbox 1478 1244 1802 1300; x_wconf 76' lang='lat' dir='ltr'>approbatione</span> 
     </span>
     <span class='ocr_line' id='line_1_18' title="bbox 163 1303 1293 1348; baseline -0.001 -1"><span class='ocrx_word' id='word_1_137' title='bbox 163 1311 210 1348; x_wconf 89' lang='lat' dir='ltr'>et</span> <span class='ocrx_word' id='word_1_138' title='bbox 229 1304 581 1348; x_wconf 89' lang='lat' dir='ltr'>domesticorum</span> <span class='ocrx_word' id='word_1_139' title='bbox 603 1303 886 1347; x_wconf 86' lang='lat' dir='ltr'>iucunditate</span> <span class='ocrx_word' id='word_1_140' title='bbox 907 1310 954 1347; x_wconf 91' lang='lat' dir='ltr'>et</span> <span class='ocrx_word' id='word_1_141' title='bbox 975 1303 1293 1347; x_wconf 91' lang='lat' dir='ltr'>oblectatione.</span> 
     </span>
    </p>

    <p class='ocr_par' dir='ltr' id='par_1_6' title="bbox 100 1358 1843 1836">
     <span class='ocr_line' id='line_1_19' title="bbox 253 1358 1843 1420; baseline -0.001 -13"><span class='ocrx_word' id='word_1_142' title='bbox 253 1363 393 1408; x_wconf 90' lang='lat' dir='ltr'>Miros</span> <span class='ocrx_word' id='word_1_143' title='bbox 415 1366 599 1420; x_wconf 88' lang='lat' dir='ltr'>quoque</span> <span class='ocrx_word' id='word_1_144' title='bbox 620 1363 752 1407; x_wconf 90' lang='lat' dir='ltr'>nobis</span> <span class='ocrx_word' id='word_1_145' title='bbox 774 1363 984 1420; x_wconf 89' lang='lat' dir='ltr'>praebuit</span> <span class='ocrx_word' id='word_1_146' title='bbox 1004 1364 1152 1416; x_wconf 90' lang='lat' dir='ltr'>ludos,</span> <span class='ocrx_word' id='word_1_147' title='bbox 1178 1361 1388 1406; x_wconf 88' lang='lat' dir='ltr'>distribui</span> <span class='ocrx_word' id='word_1_148' title='bbox 1410 1362 1546 1406; x_wconf 89' lang='lat' dir='ltr'>iussis</span> <span class='ocrx_word' id='word_1_149' title='bbox 1562 1362 1716 1406; x_wconf 87' lang='lat' dir='ltr'>multis</span> <span class='ocrx_word' id='word_1_150' title='bbox 1733 1363 1803 1406; x_wconf 91' lang='lat' dir='ltr'>di—</span> <span class='ocrx_word' id='word_1_151' title='bbox 1834 1358 1843 1372; x_wconf 77' lang='lat'>⁸</span> 
     </span>
     <span class='ocr_line' id='line_1_20' title="bbox 165 1422 1804 1479; baseline -0.001 -12"><span class='ocrx_word' id='word_1_152' title='bbox 165 1437 327 1467; x_wconf 90' lang='lat' dir='ltr'>uorum</span> <span class='ocrx_word' id='word_1_153' title='bbox 348 1423 565 1479; x_wconf 86' lang='lat' dir='ltr'>reliquiis,</span> <span class='ocrx_word' id='word_1_154' title='bbox 591 1438 704 1479; x_wconf 89' lang='lat' dir='ltr'>quas</span> <span class='ocrx_word' id='word_1_155' title='bbox 733 1423 923 1476; x_wconf 86' lang='lat' dir='ltr'>ferebat,</span> <span class='ocrx_word' id='word_1_156' title='bbox 954 1430 1000 1466; x_wconf 93' lang='lat' dir='ltr'>et</span> <span class='ocrx_word' id='word_1_157' title='bbox 1031 1422 1307 1477; x_wconf 74' lang='lat' dir='ltr'>imaginibus</span> <span class='ocrx_word' id='word_1_158' title='bbox 1336 1437 1417 1478; x_wconf 92' lang='lat' dir='ltr'>per</span> <span class='ocrx_word' id='word_1_159' title='bbox 1446 1422 1595 1466; x_wconf 91' lang='lat' dir='ltr'>uarias</span> <span class='ocrx_word' id='word_1_160' title='bbox 1622 1437 1804 1466; x_wconf 89' lang='lat' dir='ltr'>mensas</span> 
     </span>
     <span class='ocr_line' id='line_1_21' title="bbox 100 1481 1804 1539; baseline 0.001 -14"><span class='ocrx_word' id='word_1_161' title='bbox 100 1505 102 1507; x_wconf 91' lang='lat'>·</span> <span class='ocrx_word' id='word_1_162' title='bbox 164 1482 322 1527; x_wconf 91' lang='lat' dir='ltr'>ordine</span> <span class='ocrx_word' id='word_1_163' title='bbox 358 1484 617 1526; x_wconf 89' lang='lat' dir='ltr'>collocatas.</span> <span class='ocrx_word' id='word_1_164' title='bbox 659 1482 937 1527; x_wconf 91' lang='lat' dir='ltr'>Conuocatis</span> <span class='ocrx_word' id='word_1_165' title='bbox 964 1497 1076 1539; x_wconf 88' lang='lat' dir='ltr'>ergo</span> <span class='ocrx_word' id='word_1_166' title='bbox 1110 1481 1323 1526; x_wconf 87' lang='lat' dir='ltr'>Patribus</span> <span class='ocrx_word' id='word_1_167' title='bbox 1354 1488 1400 1524; x_wconf 90' lang='lat' dir='ltr'>et</span> <span class='ocrx_word' id='word_1_168' title='bbox 1432 1482 1663 1534; x_wconf 88' lang='lat' dir='ltr'>fratribus,</span> <span class='ocrx_word' id='word_1_169' title='bbox 1698 1489 1804 1539; x_wconf 91' lang='lat' dir='ltr'>post</span> 
     </span>
     <span class='ocr_line' id='line_1_22' title="bbox 163 1541 1803 1598; baseline 0.001 -13"><span class='ocrx_word' id='word_1_170' title='bbox 163 1542 370 1586; x_wconf 91' lang='lat' dir='ltr'>diuinum</span> <span class='ocrx_word' id='word_1_171' title='bbox 400 1542 617 1586; x_wconf 88' lang='lat' dir='ltr'>auxilium</span> <span class='ocrx_word' id='word_1_172' title='bbox 645 1543 926 1595; x_wconf 91' lang='lat' dir='ltr'>inuocatum,</span> <span class='ocrx_word' id='word_1_173' title='bbox 957 1541 1251 1598; x_wconf 90' lang='lat' dir='ltr'>omniumque</span> <span class='ocrx_word' id='word_1_174' title='bbox 1277 1547 1539 1584; x_wconf 88' lang='lat' dir='ltr'>sanctorum</span> <span class='ocrx_word' id='word_1_175' title='bbox 1566 1542 1803 1598; x_wconf 87' lang='lat' dir='ltr'>implorata</span> 
     </span>
     <span class='ocr_line' id='line_1_23' title="bbox 163 1601 1803 1659; baseline 0 -14"><span class='ocrx_word' id='word_1_176' title='bbox 163 1602 397 1659; x_wconf 87' lang='lat' dir='ltr'>suffragia,</span> <span class='ocrx_word' id='word_1_177' title='bbox 437 1610 540 1659; x_wconf 91' lang='lat' dir='ltr'>post</span> <span class='ocrx_word' id='word_1_178' title='bbox 569 1602 750 1646; x_wconf 89' lang='lat' dir='ltr'>litanias</span> <span class='ocrx_word' id='word_1_179' title='bbox 787 1617 814 1645; x_wconf 90' lang='lat' dir='ltr'>a</span> <span class='ocrx_word' id='word_1_180' title='bbox 850 1601 1112 1645; x_wconf 89' lang='lat' dir='ltr'>cantoribus</span> <span class='ocrx_word' id='word_1_181' title='bbox 1149 1616 1243 1644; x_wconf 91' lang='lat' dir='ltr'>non</span> <span class='ocrx_word' id='word_1_182' title='bbox 1279 1601 1547 1654; x_wconf 90' lang='lat' dir='ltr'>insuauiter,</span> <span class='ocrx_word' id='word_1_183' title='bbox 1588 1615 1674 1645; x_wconf 91' lang='lat' dir='ltr'>nec</span> <span class='ocrx_word' id='word_1_184' title='bbox 1705 1601 1803 1645; x_wconf 91' lang='lat' dir='ltr'>sine</span> 
     </span>
     <span class='ocr_line' id='line_1_24' title="bbox 157 1660 1803 1719; baseline -0.001 -13"><span class='ocrx_word' id='word_1_185' title='bbox 157 1661 445 1711; x_wconf 10' lang='lat' dir='ltr'>&amp;audientium</span> <span class='ocrx_word' id='word_1_186' title='bbox 477 1662 552 1719; x_wconf 85' lang='lat' dir='ltr'>pia</span> <span class='ocrx_word' id='word_1_187' title='bbox 582 1661 826 1706; x_wconf 90' lang='lat' dir='ltr'>deuotione</span> <span class='ocrx_word' id='word_1_188' title='bbox 856 1661 1089 1718; x_wconf 91' lang='lat' dir='ltr'>repetitas,</span> <span class='ocrx_word' id='word_1_189' title='bbox 1120 1668 1284 1716; x_wconf 90' lang='lat' dir='ltr'>coepta</span> <span class='ocrx_word' id='word_1_190' title='bbox 1310 1667 1420 1704; x_wconf 89' lang='lat' dir='ltr'>sunt</span> <span class='ocrx_word' id='word_1_191' title='bbox 1450 1660 1582 1717; x_wconf 83' lang='lat' dir='ltr'>seligi</span> <span class='ocrx_word' id='word_1_192' title='bbox 1614 1675 1803 1705; x_wconf 88' lang='lat' dir='ltr'>munera</span> 
     </span>
     <span class='ocr_line' id='line_1_25' title="bbox 165 1719 1803 1777; baseline -0.001 -12"><span class='ocrx_word' id='word_1_193' title='bbox 165 1721 343 1774; x_wconf 89' lang='lat' dir='ltr'>sortito,</span> <span class='ocrx_word' id='word_1_194' title='bbox 368 1729 420 1764; x_wconf 92' lang='lat' dir='ltr'>ut</span> <span class='ocrx_word' id='word_1_195' title='bbox 441 1721 665 1777; x_wconf 92' lang='lat' dir='ltr'>cuiusque</span> <span class='ocrx_word' id='word_1_196' title='bbox 686 1735 853 1764; x_wconf 92' lang='lat' dir='ltr'>nomen</span> <span class='ocrx_word' id='word_1_197' title='bbox 876 1722 1171 1764; x_wconf 89' lang='lat' dir='ltr'>educebatur.</span> <span class='ocrx_word' id='word_1_198' title='bbox 1193 1722 1326 1777; x_wconf 75' lang='lat' dir='ltr'>Quae</span> <span class='ocrx_word' id='word_1_199' title='bbox 1343 1719 1601 1764; x_wconf 90' lang='lat' dir='ltr'>distributio</span> <span class='ocrx_word' id='word_1_200' title='bbox 1618 1720 1803 1765; x_wconf 90' lang='lat' dir='ltr'>mirabi-</span> 
     </span>
     <span class='ocr_line' id='line_1_26' title="bbox 163 1780 1208 1836; baseline -0.001 -12"><span class='ocrx_word' id='word_1_201' title='bbox 163 1781 267 1824; x_wconf 91' lang='lat' dir='ltr'>liter</span> <span class='ocrx_word' id='word_1_202' title='bbox 289 1794 446 1826; x_wconf 91' lang='lat' dir='ltr'>omnes</span> <span class='ocrx_word' id='word_1_203' title='bbox 468 1781 634 1833; x_wconf 89' lang='lat' dir='ltr'>affecit,</span> <span class='ocrx_word' id='word_1_204' title='bbox 660 1780 923 1836; x_wconf 89' lang='lat' dir='ltr'>praesertim</span> <span class='ocrx_word' id='word_1_205' title='bbox 946 1781 1052 1836; x_wconf 92' lang='lat' dir='ltr'>quia</span> <span class='ocrx_word' id='word_1_206' title='bbox 1071 1795 1208 1824; x_wconf 90' lang='lat' dir='ltr'>noua.</span> 
     </span>
    </p>

    <p class='ocr_par' dir='ltr' id='par_1_7' title="bbox 112 1839 1804 2123">
     <span class='ocr_line' id='line_1_27' title="bbox 254 1839 1804 1896; baseline 0 -13"><span class='ocrx_word' id='word_1_207' title='bbox 254 1840 465 1896; x_wconf 91' lang='lat' dir='ltr'>Denique</span> <span class='ocrx_word' id='word_1_208' title='bbox 481 1840 753 1884; x_wconf 89' lang='lat' dir='ltr'>laudabilem</span> <span class='ocrx_word' id='word_1_209' title='bbox 771 1839 1020 1895; x_wconf 90' lang='lat' dir='ltr'>utilemque</span> <span class='ocrx_word' id='word_1_210' title='bbox 1037 1854 1209 1883; x_wconf 91' lang='lat' dir='ltr'>morem</span> <span class='ocrx_word' id='word_1_211' title='bbox 1226 1839 1493 1891; x_wconf 86' lang='lat' dir='ltr'>introduxit,</span> <span class='ocrx_word' id='word_1_212' title='bbox 1510 1839 1738 1893; x_wconf 89' lang='lat' dir='ltr'>uidelicet,</span> <span class='ocrx_word' id='word_1_213' title='bbox 1753 1847 1804 1883; x_wconf 94' lang='lat' dir='ltr'>ut</span> 
     </span>
     <span class='ocr_line' id='line_1_28' title="bbox 166 1898 1804 1956; baseline -0.001 -11"><span class='ocrx_word' id='word_1_214' title='bbox 166 1915 221 1945; x_wconf 84' lang='lat' dir='ltr'>eo</span> <span class='ocrx_word' id='word_1_215' title='bbox 242 1900 331 1953; x_wconf 91' lang='lat' dir='ltr'>die,</span> <span class='ocrx_word' id='word_1_216' title='bbox 355 1899 434 1956; x_wconf 91' lang='lat' dir='ltr'>qui</span> <span class='ocrx_word' id='word_1_217' title='bbox 455 1900 624 1944; x_wconf 90' lang='lat' dir='ltr'>sanctis</span> <span class='ocrx_word' id='word_1_218' title='bbox 646 1899 862 1956; x_wconf 89' lang='lat' dir='ltr'>apostolis</span> <span class='ocrx_word' id='word_1_219' title='bbox 885 1901 1022 1943; x_wconf 90' lang='lat' dir='ltr'>Petro</span> <span class='ocrx_word' id='word_1_220' title='bbox 1043 1906 1090 1943; x_wconf 90' lang='lat' dir='ltr'>et</span> <span class='ocrx_word' id='word_1_221' title='bbox 1114 1899 1256 1943; x_wconf 88' lang='lat' dir='ltr'>Paulo</span> <span class='ocrx_word' id='word_1_222' title='bbox 1278 1914 1406 1943; x_wconf 91' lang='lat' dir='ltr'>sacer</span> <span class='ocrx_word' id='word_1_223' title='bbox 1422 1898 1572 1942; x_wconf 91' lang='lat' dir='ltr'>dictus</span> <span class='ocrx_word' id='word_1_224' title='bbox 1589 1907 1674 1953; x_wconf 92' lang='lat' dir='ltr'>est,</span> <span class='ocrx_word' id='word_1_225' title='bbox 1695 1907 1804 1943; x_wconf 91' lang='lat' dir='ltr'>uota</span> 
     </span>
     <span class='ocr_line' id='line_1_29' title="bbox 164 1958 1803 2016; baseline 0.001 -14"><span class='ocrx_word' id='word_1_226' title='bbox 164 1959 542 2013; x_wconf 84' lang='lat' dir='ltr'>instaurarentur,</span> <span class='ocrx_word' id='word_1_227' title='bbox 566 1958 824 2016; x_wconf 88' lang='lat' dir='ltr'>praemissis</span> <span class='ocrx_word' id='word_1_228' title='bbox 853 1959 1002 2003; x_wconf 91' lang='lat' dir='ltr'>triduo</span> <span class='ocrx_word' id='word_1_229' title='bbox 1030 1958 1198 2002; x_wconf 91' lang='lat' dir='ltr'>litaniis</span> <span class='ocrx_word' id='word_1_230' title='bbox 1225 1973 1376 2002; x_wconf 89' lang='lat' dir='ltr'>coram</span> <span class='ocrx_word' id='word_1_231' title='bbox 1403 1958 1689 2003; x_wconf 88' lang='lat' dir='ltr'>sanctissimo</span> <span class='ocrx_word' id='word_1_232' title='bbox 1717 1960 1803 2004; x_wconf 87' lang='lat' dir='ltr'>Sa-</span> 
     </span>
     <span class='ocr_line' id='line_1_30' title="bbox 164 2018 1804 2076; baseline -0.001 -13"><span class='ocrx_word' id='word_1_233' title='bbox 164 2027 397 2063; x_wconf 90' lang='lat' dir='ltr'>cramento</span> <span class='ocrx_word' id='word_1_234' title='bbox 418 2026 464 2064; x_wconf 92' lang='lat' dir='ltr'>et</span> <span class='ocrx_word' id='word_1_235' title='bbox 486 2034 728 2075; x_wconf 90' lang='lat' dir='ltr'>corporum</span> <span class='ocrx_word' id='word_1_236' title='bbox 751 2018 1066 2076; x_wconf 87' lang='lat' dir='ltr'>castigatione,</span> <span class='ocrx_word' id='word_1_237' title='bbox 1098 2018 1393 2075; x_wconf 86' lang='lat' dir='ltr'>generalique</span> <span class='ocrx_word' id='word_1_238' title='bbox 1420 2019 1721 2072; x_wconf 88' lang='lat' dir='ltr'>confessione,</span> <span class='ocrx_word' id='word_1_239' title='bbox 1752 2026 1804 2062; x_wconf 91' lang='lat' dir='ltr'>ut</span> 
     </span>
     <span class='ocr_line' id='line_1_31' title="bbox 112 2077 850 2123; baseline -0.001 0"><span class='ocrx_word' id='word_1_240' title='bbox 112 2077 115 2080; x_wconf 65' lang='grc'>’</span> <span class='ocrx_word' id='word_1_241' title='bbox 163 2086 233 2123; x_wconf 89' lang='lat' dir='ltr'>est</span> <span class='ocrx_word' id='word_1_242' title='bbox 254 2078 600 2123; x_wconf 91' lang='lat' dir='ltr'>consuetudinis</span> <span class='ocrx_word' id='word_1_243' title='bbox 622 2093 850 2122; x_wconf 87' lang='lat' dir='ltr'>romanae.</span> 
     </span>
    </p>

    <p class='ocr_par' dir='ltr' id='par_1_8' title="bbox 162 2137 1803 2848">
     <span class='ocr_line' id='line_1_32' title="bbox 253 2137 1803 2191; baseline -0.001 -9"><span class='ocrx_word' id='word_1_244' title='bbox 253 2138 340 2182; x_wconf 91' lang='lat' dir='ltr'>His</span> <span class='ocrx_word' id='word_1_245' title='bbox 360 2139 543 2183; x_wconf 91' lang='lat' dir='ltr'>demum</span> <span class='ocrx_word' id='word_1_246' title='bbox 567 2137 843 2191; x_wconf 88' lang='lat' dir='ltr'>constitutis,</span> <span class='ocrx_word' id='word_1_247' title='bbox 868 2137 1076 2182; x_wconf 88' lang='lat' dir='ltr'>discessit</span> <span class='ocrx_word' id='word_1_248' title='bbox 1099 2139 1251 2189; x_wconf 91' lang='lat' dir='ltr'>Pater,</span> <span class='ocrx_word' id='word_1_249' title='bbox 1277 2152 1368 2180; x_wconf 93' lang='lat' dir='ltr'>non</span> <span class='ocrx_word' id='word_1_250' title='bbox 1390 2137 1542 2180; x_wconf 91' lang='lat' dir='ltr'>minus</span> <span class='ocrx_word' id='word_1_251' title='bbox 1572 2137 1643 2180; x_wconf 88' lang='lat' dir='ltr'>sui</span> <span class='ocrx_word' id='word_1_252' title='bbox 1671 2137 1803 2180; x_wconf 90' lang='lat' dir='ltr'>nobis</span> 
     </span>
     <span class='ocr_line' id='line_1_33' title="bbox 163 2196 1802 2253; baseline -0.001 -12"><span class='ocrx_word' id='word_1_253' title='bbox 163 2197 423 2253; x_wconf 90' lang='lat' dir='ltr'>relinquens</span> <span class='ocrx_word' id='word_1_254' title='bbox 460 2197 750 2250; x_wconf 88' lang='lat' dir='ltr'>desiderium,</span> <span class='ocrx_word' id='word_1_255' title='bbox 782 2212 918 2253; x_wconf 90' lang='lat' dir='ltr'>quam</span> <span class='ocrx_word' id='word_1_256' title='bbox 945 2197 1088 2240; x_wconf 91' lang='lat' dir='ltr'>nostri</span> <span class='ocrx_word' id='word_1_257' title='bbox 1118 2197 1282 2249; x_wconf 88' lang='lat' dir='ltr'>ferens,</span> <span class='ocrx_word' id='word_1_258' title='bbox 1319 2196 1366 2239; x_wconf 91' lang='lat' dir='ltr'>in</span> <span class='ocrx_word' id='word_1_259' title='bbox 1394 2197 1524 2240; x_wconf 90' lang='lat' dir='ltr'>cuius</span> <span class='ocrx_word' id='word_1_260' title='bbox 1557 2196 1708 2240; x_wconf 90' lang='lat' dir='ltr'>animo</span> <span class='ocrx_word' id='word_1_261' title='bbox 1737 2197 1802 2240; x_wconf 92' lang='lat' dir='ltr'>sic</span> 
     </span>
     <span class='ocr_line' id='line_1_34' title="bbox 163 2255 1802 2310; baseline 0 -10"><span class='ocrx_word' id='word_1_262' title='bbox 163 2272 247 2302; x_wconf 90' lang='lat' dir='ltr'>nos</span> <span class='ocrx_word' id='word_1_263' title='bbox 262 2260 448 2302; x_wconf 90' lang='lat' dir='ltr'>haerere</span> <span class='ocrx_word' id='word_1_264' title='bbox 465 2257 748 2310; x_wconf 90' lang='lat' dir='ltr'>uidebamur,</span> <span class='ocrx_word' id='word_1_265' title='bbox 766 2264 818 2299; x_wconf 92' lang='lat' dir='ltr'>ut</span> <span class='ocrx_word' id='word_1_266' title='bbox 833 2256 908 2300; x_wconf 91' lang='lat' dir='ltr'>ille</span> <span class='ocrx_word' id='word_1_267' title='bbox 924 2256 971 2299; x_wconf 92' lang='lat' dir='ltr'>in</span> <span class='ocrx_word' id='word_1_268' title='bbox 987 2255 1154 2299; x_wconf 90' lang='lat' dir='ltr'>nostris</span> <span class='ocrx_word' id='word_1_269' title='bbox 1170 2257 1387 2300; x_wconf 89' lang='lat' dir='ltr'>haerebat</span> <span class='ocrx_word' id='word_1_270' title='bbox 1404 2255 1670 2299; x_wconf 87' lang='lat' dir='ltr'>uisceribus.</span> <span class='ocrx_word' id='word_1_271' title='bbox 1695 2257 1802 2301; x_wconf 93' lang='lat' dir='ltr'>Cle-</span> 
     </span>
     <span class='ocr_line' id='line_1_35' title="bbox 163 2315 1797 2375; baseline -0.001 -16"><span class='ocrx_word' id='word_1_272' title='bbox 163 2317 471 2361; x_wconf 91' lang='lat' dir='ltr'>mentissimus</span> <span class='ocrx_word' id='word_1_273' title='bbox 493 2317 567 2360; x_wconf 93' lang='lat' dir='ltr'>ille</span> <span class='ocrx_word' id='word_1_274' title='bbox 583 2319 734 2375; x_wconf 90' lang='lat' dir='ltr'>Jesus,</span> <span class='ocrx_word' id='word_1_275' title='bbox 759 2315 891 2360; x_wconf 89' lang='lat' dir='ltr'>cuius</span> <span class='ocrx_word' id='word_1_276' title='bbox 912 2315 1077 2359; x_wconf 89' lang='lat' dir='ltr'>missus</span> <span class='ocrx_word' id='word_1_277' title='bbox 1093 2322 1163 2359; x_wconf 90' lang='lat' dir='ltr'>est</span> <span class='ocrx_word' id='word_1_278' title='bbox 1178 2315 1402 2360; x_wconf 90' lang='lat' dir='ltr'>beneficio</span> <span class='ocrx_word' id='word_1_279' title='bbox 1419 2315 1465 2358; x_wconf 93' lang='lat' dir='ltr'>in</span> <span class='ocrx_word' id='word_1_280' title='bbox 1482 2317 1569 2359; x_wconf 91' lang='lat' dir='ltr'>hoc</span> <span class='ocrx_word' id='word_1_281' title='bbox 1586 2330 1797 2372; x_wconf 90' lang='lat' dir='ltr'>regnum,</span> 
     </span>
     <span class='ocr_line' id='line_1_36' title="bbox 164 2374 1801 2431; baseline -0.001 -12"><span class='ocrx_word' id='word_1_282' title='bbox 164 2383 216 2420; x_wconf 92' lang='lat' dir='ltr'>ut</span> <span class='ocrx_word' id='word_1_283' title='bbox 236 2383 415 2420; x_wconf 88' lang='lat' dir='ltr'>nostros</span> <span class='ocrx_word' id='word_1_284' title='bbox 438 2376 611 2420; x_wconf 91' lang='lat' dir='ltr'>animos</span> <span class='ocrx_word' id='word_1_285' title='bbox 634 2383 701 2419; x_wconf 92' lang='lat' dir='ltr'>tot</span> <span class='ocrx_word' id='word_1_286' title='bbox 723 2383 903 2419; x_wconf 90' lang='lat' dir='ltr'>ornaret</span> <span class='ocrx_word' id='word_1_287' title='bbox 923 2375 1071 2429; x_wconf 89' lang='lat' dir='ltr'>bonis,</span> <span class='ocrx_word' id='word_1_288' title='bbox 1097 2382 1142 2420; x_wconf 91' lang='lat' dir='ltr'>et</span> <span class='ocrx_word' id='word_1_289' title='bbox 1171 2382 1405 2431; x_wconf 85' lang='lat' dir='ltr'>tantopere</span> <span class='ocrx_word' id='word_1_290' title='bbox 1427 2374 1643 2420; x_wconf 87' lang='lat' dir='ltr'>Societati</span> <span class='ocrx_word' id='word_1_291' title='bbox 1674 2389 1801 2418; x_wconf 91' lang='lat' dir='ltr'>com-</span> 
     </span>
     <span class='ocr_line' id='line_1_37' title="bbox 164 2434 1801 2491; baseline -0.001 -12"><span class='ocrx_word' id='word_1_292' title='bbox 164 2437 384 2488; x_wconf 90' lang='lat' dir='ltr'>modaret,</span> <span class='ocrx_word' id='word_1_293' title='bbox 410 2443 678 2491; x_wconf 90' lang='lat' dir='ltr'>tantumque</span> <span class='ocrx_word' id='word_1_294' title='bbox 699 2437 880 2478; x_wconf 88' lang='lat' dir='ltr'>afferret</span> <span class='ocrx_word' id='word_1_295' title='bbox 901 2434 1185 2488; x_wconf 90' lang='lat' dir='ltr'>incrementi,</span> <span class='ocrx_word' id='word_1_296' title='bbox 1210 2434 1495 2490; x_wconf 25' lang='lat' dir='ltr'>illessinquam</span> <span class='ocrx_word' id='word_1_297' title='bbox 1525 2434 1652 2487; x_wconf 83' lang='lat' dir='ltr'>faxit,</span> <span class='ocrx_word' id='word_1_298' title='bbox 1683 2449 1801 2490; x_wconf 88' lang='lat' dir='ltr'>quae</span> 
     </span>
     <span class='ocr_line' id='line_1_38' title="bbox 164 2494 1800 2547; baseline -0.002 -7"><span class='ocrx_word' id='word_1_299' title='bbox 164 2502 234 2540; x_wconf 84' lang='lat' dir='ltr'>est</span> <span class='ocrx_word' id='word_1_300' title='bbox 255 2495 354 2539; x_wconf 88' lang='lat' dir='ltr'>eius</span> <span class='ocrx_word' id='word_1_301' title='bbox 375 2495 595 2539; x_wconf 86' lang='lat' dir='ltr'>immensa</span> <span class='ocrx_word' id='word_1_302' title='bbox 616 2494 855 2539; x_wconf 87' lang='lat' dir='ltr'>clementia</span> <span class='ocrx_word' id='word_1_303' title='bbox 876 2501 922 2538; x_wconf 89' lang='lat' dir='ltr'>et</span> <span class='ocrx_word' id='word_1_304' title='bbox 943 2494 1137 2547; x_wconf 87' lang='lat' dir='ltr'>bonitas,</span> <span class='ocrx_word' id='word_1_305' title='bbox 1168 2495 1325 2537; x_wconf 88' lang='lat' dir='ltr'>saluus</span> <span class='ocrx_word' id='word_1_306' title='bbox 1353 2494 1431 2537; x_wconf 91' lang='lat' dir='ltr'>diu</span> <span class='ocrx_word' id='word_1_307' title='bbox 1459 2494 1518 2537; x_wconf 89' lang='lat' dir='ltr'>sit</span> <span class='ocrx_word' id='word_1_308' title='bbox 1546 2501 1592 2537; x_wconf 90' lang='lat' dir='ltr'>et</span> <span class='ocrx_word' id='word_1_309' title='bbox 1624 2494 1800 2537; x_wconf 90' lang='lat' dir='ltr'>incolu--</span> 
     </span>
     <span class='ocr_line' id='line_1_39' title="bbox 163 2553 1800 2610; baseline -0.001 -13"><span class='ocrx_word' id='word_1_310' title='bbox 163 2554 264 2609; x_wconf 91' lang='lat' dir='ltr'>mis,</span> <span class='ocrx_word' id='word_1_311' title='bbox 289 2554 435 2610; x_wconf 89' lang='lat' dir='ltr'>iisque</span> <span class='ocrx_word' id='word_1_312' title='bbox 456 2555 647 2607; x_wconf 91' lang='lat' dir='ltr'>uiribus,</span> <span class='ocrx_word' id='word_1_313' title='bbox 672 2554 838 2610; x_wconf 91' lang='lat' dir='ltr'>quibus</span> <span class='ocrx_word' id='word_1_314' title='bbox 858 2554 1015 2597; x_wconf 90' lang='lat' dir='ltr'>datum</span> <span class='ocrx_word' id='word_1_315' title='bbox 1036 2553 1121 2596; x_wconf 91' lang='lat' dir='ltr'>sibi</span> <span class='ocrx_word' id='word_1_316' title='bbox 1144 2553 1397 2610; x_wconf 83' lang='lat' dir='ltr'>negotium,</span> <span class='ocrx_word' id='word_1_317' title='bbox 1422 2553 1469 2596; x_wconf 92' lang='lat' dir='ltr'>in</span> <span class='ocrx_word' id='word_1_318' title='bbox 1487 2568 1576 2609; x_wconf 93' lang='lat' dir='ltr'>quo</span> <span class='ocrx_word' id='word_1_319' title='bbox 1593 2568 1686 2596; x_wconf 92' lang='lat' dir='ltr'>non</span> <span class='ocrx_word' id='word_1_320' title='bbox 1702 2553 1800 2598; x_wconf 76' lang='lat' dir='ltr'>exi-</span> 
     </span>
     <span class='ocr_line' id='line_1_40' title="bbox 163 2612 1799 2671; baseline 0 -14"><span class='ocrx_word' id='word_1_321' title='bbox 163 2629 257 2671; x_wconf 89' lang='lat' dir='ltr'>gua</span> <span class='ocrx_word' id='word_1_322' title='bbox 293 2629 395 2670; x_wconf 91' lang='lat' dir='ltr'>pars</span> <span class='ocrx_word' id='word_1_323' title='bbox 431 2614 574 2657; x_wconf 92' lang='lat' dir='ltr'>diuini</span> <span class='ocrx_word' id='word_1_324' title='bbox 595 2613 783 2658; x_wconf 87' lang='lat' dir='ltr'>honoris</span> <span class='ocrx_word' id='word_1_325' title='bbox 805 2613 1014 2665; x_wconf 85' lang='lat' dir='ltr'>uertitur,</span> <span class='ocrx_word' id='word_1_326' title='bbox 1040 2619 1085 2657; x_wconf 92' lang='lat' dir='ltr'>et</span> <span class='ocrx_word' id='word_1_327' title='bbox 1106 2614 1272 2656; x_wconf 89' lang='lat' dir='ltr'>multas</span> <span class='ocrx_word' id='word_1_328' title='bbox 1294 2627 1529 2669; x_wconf 91' lang='lat' dir='ltr'>speramus</span> <span class='ocrx_word' id='word_1_329' title='bbox 1550 2612 1799 2657; x_wconf 87' lang='lat' dir='ltr'>consistere</span> 
     </span>
     <span class='ocr_line' id='line_1_41' title="bbox 164 2671 1799 2730; baseline 0 -14"><span class='ocrx_word' id='word_1_330' title='bbox 164 2673 396 2726; x_wconf 90' lang='lat' dir='ltr'>utilitates,</span> <span class='ocrx_word' id='word_1_331' title='bbox 421 2688 514 2717; x_wconf 91' lang='lat' dir='ltr'>non</span> <span class='ocrx_word' id='word_1_332' title='bbox 531 2675 681 2718; x_wconf 83' lang='lat' dir='ltr'>solum</span> <span class='ocrx_word' id='word_1_333' title='bbox 703 2674 953 2730; x_wconf 87' lang='lat' dir='ltr'>protrahat,</span> <span class='ocrx_word' id='word_1_334' title='bbox 978 2673 1060 2715; x_wconf 88' lang='lat' dir='ltr'>sed</span> <span class='ocrx_word' id='word_1_335' title='bbox 1080 2672 1215 2716; x_wconf 91' lang='lat' dir='ltr'>etiam</span> <span class='ocrx_word' id='word_1_336' title='bbox 1237 2672 1406 2716; x_wconf 91' lang='lat' dir='ltr'>maiore</span> <span class='ocrx_word' id='word_1_337' title='bbox 1433 2687 1538 2715; x_wconf 86' lang='lat' dir='ltr'>curn</span> <span class='ocrx_word' id='word_1_338' title='bbox 1566 2671 1799 2716; x_wconf 91' lang='lat' dir='ltr'>christiani</span> 
     </span>
     <span class='ocr_line' id='line_1_42' title="bbox 162 2731 1798 2788; baseline -0.001 -13"><span class='ocrx_word' id='word_1_339' title='bbox 162 2732 357 2775; x_wconf 89' lang='lat' dir='ltr'>nominis</span> <span class='ocrx_word' id='word_1_340' title='bbox 378 2733 512 2776; x_wconf 89' lang='lat' dir='ltr'>laude</span> <span class='ocrx_word' id='word_1_341' title='bbox 533 2741 579 2778; x_wconf 92' lang='lat' dir='ltr'>et</span> <span class='ocrx_word' id='word_1_342' title='bbox 600 2733 783 2776; x_wconf 91' lang='lat' dir='ltr'>diuinae</span> <span class='ocrx_word' id='word_1_343' title='bbox 799 2731 1048 2776; x_wconf 89' lang='lat' dir='ltr'>maiestatis</span> <span class='ocrx_word' id='word_1_344' title='bbox 1065 2731 1226 2788; x_wconf 87' lang='lat' dir='ltr'>gloria,</span> <span class='ocrx_word' id='word_1_345' title='bbox 1246 2739 1298 2775; x_wconf 92' lang='lat' dir='ltr'>ut</span> <span class='ocrx_word' id='word_1_346' title='bbox 1314 2746 1397 2774; x_wconf 90' lang='lat' dir='ltr'>nos</span> <span class='ocrx_word' id='word_1_347' title='bbox 1416 2739 1539 2775; x_wconf 89' lang='lat' dir='ltr'>tenet</span> <span class='ocrx_word' id='word_1_348' title='bbox 1555 2746 1675 2788; x_wconf 89' lang='lat' dir='ltr'>spes,</span> <span class='ocrx_word' id='word_1_349' title='bbox 1696 2738 1798 2775; x_wconf 89' lang='lat' dir='ltr'>tan—</span> 
     </span>
     <span class='ocr_line' id='line_1_43' title="bbox 162 2792 507 2848; baseline 0.003 -13"><span class='ocrx_word' id='word_1_350' title='bbox 162 2793 264 2836; x_wconf 89' lang='lat' dir='ltr'>dem</span> <span class='ocrx_word' id='word_1_351' title='bbox 287 2792 507 2848; x_wconf 90' lang='lat' dir='ltr'>perficiat.</span> 
     </span>
    </p>

    <p class='ocr_par' dir='ltr' id='par_1_9' title="bbox 161 2848 1799 3146">
     <span class='ocr_line' id='line_1_44' title="bbox 251 2848 1798 2907; baseline -0.001 -13"><span class='ocrx_word' id='word_1_352' title='bbox 251 2853 302 2895; x_wconf 91' lang='lat' dir='ltr'>In</span> <span class='ocrx_word' id='word_1_353' title='bbox 324 2851 422 2907; x_wconf 90' lang='lat' dir='ltr'>ipso</span> <span class='ocrx_word' id='word_1_354' title='bbox 442 2851 663 2904; x_wconf 90' lang='lat' dir='ltr'>discessu,</span> <span class='ocrx_word' id='word_1_355' title='bbox 688 2866 746 2894; x_wconf 91' lang='lat' dir='ltr'>ne</span> <span class='ocrx_word' id='word_1_356' title='bbox 768 2851 806 2894; x_wconf 93' lang='lat' dir='ltr'>is</span> <span class='ocrx_word' id='word_1_357' title='bbox 827 2849 962 2894; x_wconf 89' lang='lat' dir='ltr'>etiam</span> <span class='ocrx_word' id='word_1_358' title='bbox 991 2849 1198 2893; x_wconf 88' lang='lat' dir='ltr'>utilitatis</span> <span class='ocrx_word' id='word_1_359' title='bbox 1227 2864 1400 2893; x_wconf 92' lang='lat' dir='ltr'>uacuus</span> <span class='ocrx_word' id='word_1_360' title='bbox 1427 2856 1563 2902; x_wconf 88' lang='lat' dir='ltr'>esset,</span> <span class='ocrx_word' id='word_1_361' title='bbox 1594 2848 1642 2892; x_wconf 86' lang='lat' dir='ltr'>in</span> <span class='ocrx_word' id='word_1_362' title='bbox 1668 2865 1798 2893; x_wconf 89' lang='lat' dir='ltr'>man-</span> 
     </span>
     <span class='ocr_line' id='line_1_45' title="bbox 161 2908 1799 2967; baseline 0 -14"><span class='ocrx_word' id='word_1_363' title='bbox 161 2909 280 2954; x_wconf 86' lang='lat' dir='ltr'>datis</span> <span class='ocrx_word' id='word_1_364' title='bbox 302 2910 483 2966; x_wconf 89' lang='lat' dir='ltr'>reliquit</span> <span class='ocrx_word' id='word_1_365' title='bbox 505 2918 555 2954; x_wconf 95' lang='lat' dir='ltr'>ut</span> <span class='ocrx_word' id='word_1_366' title='bbox 575 2917 905 2967; x_wconf 88' lang='lat' dir='ltr'>proponeretur</span> <span class='ocrx_word' id='word_1_367' title='bbox 932 2909 1263 2965; x_wconf 90' lang='lat' dir='ltr'>quamprimum</span> <span class='ocrx_word' id='word_1_368' title='bbox 1291 2910 1531 2965; x_wconf 88' lang='lat' dir='ltr'>catalogus</span> <span class='ocrx_word' id='word_1_369' title='bbox 1553 2908 1799 2953; x_wconf 87' lang='lat' dir='ltr'>mortifica-</span> 
     </span>
     <span class='ocr_line' id='line_1_46' title="bbox 164 2968 1795 3026; baseline 0 -14"><span class='ocrx_word' id='word_1_370' title='bbox 164 2969 354 3022; x_wconf 90' lang='lat' dir='ltr'>tionum,</span> <span class='ocrx_word' id='word_1_371' title='bbox 381 2970 547 3026; x_wconf 88' lang='lat' dir='ltr'>quibus</span> <span class='ocrx_word' id='word_1_372' title='bbox 564 2983 728 3014; x_wconf 90' lang='lat' dir='ltr'>uacare</span> <span class='ocrx_word' id='word_1_373' title='bbox 744 2983 980 3026; x_wconf 88' lang='lat' dir='ltr'>possemus</span> <span class='ocrx_word' id='word_1_374' title='bbox 996 2968 1230 3013; x_wconf 89' lang='lat' dir='ltr'>ardentius</span> <span class='ocrx_word' id='word_1_375' title='bbox 1246 2983 1350 3012; x_wconf 92' lang='lat' dir='ltr'>cum</span> <span class='ocrx_word' id='word_1_376' title='bbox 1367 2968 1525 3011; x_wconf 85' lang='lat' dir='ltr'>maiori</span> <span class='ocrx_word' id='word_1_377' title='bbox 1542 2970 1795 3023; x_wconf 89' lang='lat' dir='ltr'>commodo,</span> 
     </span>
     <span class='ocr_line' id='line_1_47' title="bbox 164 3027 1798 3086; baseline 0 -15"><span class='ocrx_word' id='word_1_378' title='bbox 164 3043 255 3084; x_wconf 91' lang='lat' dir='ltr'>quo</span> <span class='ocrx_word' id='word_1_379' title='bbox 276 3035 479 3086; x_wconf 88' lang='lat' dir='ltr'>tempore</span> <span class='ocrx_word' id='word_1_380' title='bbox 499 3045 526 3074; x_wconf 90' lang='lat' dir='ltr'>a</span> <span class='ocrx_word' id='word_1_381' title='bbox 546 3028 777 3074; x_wconf 91' lang='lat' dir='ltr'>literarum</span> <span class='ocrx_word' id='word_1_382' title='bbox 791 3027 955 3072; x_wconf 89' lang='lat' dir='ltr'>studiis</span> <span class='ocrx_word' id='word_1_383' title='bbox 973 3042 1254 3072; x_wconf 88' lang='lat' dir='ltr'>uacaremus.</span> <span class='ocrx_word' id='word_1_384' title='bbox 1275 3029 1413 3072; x_wconf 92' lang='lat' dir='ltr'>Hunc</span> <span class='ocrx_word' id='word_1_385' title='bbox 1431 3027 1690 3085; x_wconf 88' lang='lat' dir='ltr'>catalogum</span> <span class='ocrx_word' id='word_1_386' title='bbox 1706 3043 1798 3072; x_wconf 91' lang='lat' dir='ltr'>non</span> 
     </span>
     <span class='ocr_line' id='line_1_48' title="bbox 164 3086 1797 3146; baseline 0.002 -15"><span class='ocrx_word' id='word_1_387' title='bbox 164 3087 227 3132; x_wconf 87' lang='lat' dir='ltr'>ita</span> <span class='ocrx_word' id='word_1_388' title='bbox 248 3086 390 3133; x_wconf 75' lang='lat' dir='ltr'>inulto</span> <span class='ocrx_word' id='word_1_389' title='bbox 412 3096 518 3133; x_wconf 89' lang='lat' dir='ltr'>ante</span> <span class='ocrx_word' id='word_1_390' title='bbox 538 3095 682 3133; x_wconf 88' lang='lat' dir='ltr'>statos</span> <span class='ocrx_word' id='word_1_391' title='bbox 705 3088 917 3134; x_wconf 88' lang='lat' dir='ltr'>feriarum</span> <span class='ocrx_word' id='word_1_392' title='bbox 938 3086 1051 3141; x_wconf 82' lang='lat' dir='ltr'>dies,</span> <span class='ocrx_word' id='word_1_393' title='bbox 1076 3101 1331 3133; x_wconf 89' lang='lat' dir='ltr'>sermonem</span> <span class='ocrx_word' id='word_1_394' title='bbox 1346 3088 1404 3132; x_wconf 92' lang='lat' dir='ltr'>de</span> <span class='ocrx_word' id='word_1_395' title='bbox 1421 3086 1699 3146; x_wconf 86' lang='lat' dir='ltr'>poenitentia</span> <span class='ocrx_word' id='word_1_396' title='bbox 1714 3089 1797 3134; x_wconf 87' lang='lat' dir='ltr'>ha-</span> 
     </span>
    </p>
   </div>
  </div>
 </body>
</html>
