2098 3484
361 284 431 313 loo
942 277 1081 312 Emsr.
1110 275 1155 311 P.
1184 274 1433 311 NADAL-3o

453 389 488 420 Ι.
558 377 730 430 Padre,
762 377 893 421 laltra
929 376 1171 421 settimana
1199 375 1428 420 serissimo
1456 376 1543 418 alla
1572 377 1624 418 Ρ.
1658 375 1715 418 V.
1746 374 1898 431 Depoi
1925 375 2012 418 ha-

356 453 507 497 biamo
550 460 770 497 receuuto
811 468 904 496 vna
924 488 934 508 ,
979 454 1100 497 nella
1141 453 1274 510 quale
1311 452 1523 496 intesimo
1560 453 1618 495 de
1654 452 1698 494 la
1733 451 1899 508 partita
1935 451 2010 495 del

356 532 428 576 Sr.
455 532 574 574 duca
600 532 611 552 ¹
635 538 683 574 et
704 530 794 574 deli
816 530 918 574 altri
942 530 1095 583 Padri,
1122 538 1169 574 et
1189 529 1512 586 specialmente
1534 528 1759 573 sentiamo
1789 544 1906 586 gran
1933 544 2007 574 re-

355 607 604 661 creatione,
630 615 676 652 et
698 607 796 662 noi,
821 615 868 652 et
897 607 1046 664 questi
1067 607 1241 664 signori
1270 608 1304 660 ³,
1336 607 1393 650 de
1424 606 1661 650 intendere
1686 621 1807 650 noue
1834 607 1891 651 de
1922 622 2006 651 sua

355 687 495 729 Exe.a
507 719 516 728 .
543 684 593 730 Si
615 686 659 728 le
680 699 801 728 noue
823 684 913 728 deli
934 684 1141 741 principii
1158 684 1225 728 soi
1242 698 1356 727 sono
1372 684 1430 727 de
1448 690 1573 727 tanta
1589 683 1784 727 efficatia
1799 698 1881 740 per
1897 699 2006 742 gra-

354 762 417 814 tia
437 762 511 806 del
528 761 742 819 Signore,
763 768 935 818 quanto
951 763 1053 805 sara
1074 762 1105 803 l’
1129 759 1410 805 abundantia
1431 766 1477 804 et
1500 761 1648 803 fructo
1664 761 1740 804 nel
1755 760 2008 816 ministerio

354 854 439 883 suo
461 840 537 883 nel
560 839 770 896 Signore.
798 839 869 882 Sit
890 840 989 881 eius
1011 852 1175 881 nomen
1197 838 1476 881 benedictum
1494 838 1546 880 in
1567 838 1733 881 secula.

446 929 487 960 2.
555 918 603 960 Io
624 923 669 960 et
690 916 796 960 Gio:
823 918 858 960 F
862 916 999 973 ilippo
1022 917 1037 938 ³
1061 915 1224 959 stiamo
1245 914 1370 968 boni,
1403 930 1483 972 per
1513 915 1661 972 gratia
1688 916 1762 960 del
1788 915 2003 973 Signore,

353 1001 400 1038 et
422 1001 583 1050 questa
605 993 848 1038 settimana
869 1008 962 1036 non
990 995 1050 1036 ho
1078 992 1326 1049 predicato,
1358 1008 1438 1049 per
1459 1007 1584 1037 esser
1606 1000 1724 1037 stata
1744 993 2007 1050 indesposta

355 1072 398 1115 la
419 1072 517 1116 S.ra
544 1072 696 1114 donna
719 1071 908 1114 Isabella
943 1071 975 1123 ⁴,
1007 1085 1055 1113 se
1083 1077 1154 1114 sta
1181 1071 1381 1114 anchora
1409 1071 1453 1113 al
1481 1077 1674 1127 quanto:
1706 1086 1780 1115 ma
1806 1085 1859 1115 so
1885 1077 2006 1114 stato

354 1149 495 1192 molto
525 1155 720 1204 ocupato
749 1148 794 1190 in
824 1148 1029 1191 adiutare
1056 1148 1114 1191 ad
1141 1147 1330 1191 redurre
1357 1163 1420 1191 vn
1447 1147 1729 1205 gentilhomo
1757 1147 2004 1205 principale

354 1227 454 1279 che,
495 1227 688 1269 essendo
726 1225 1028 1268 condemnato
1065 1225 1184 1268 dalla
1211 1224 1425 1282 giusticia
1453 1224 1675 1279 a'morte,
1705 1240 1798 1269 non
1825 1226 1923 1269 solo
1954 1240 2004 1269 se

352 1303 471 1346 daua
492 1318 518 1346 a
538 1302 645 1346 tutti
666 1303 698 1345 li
720 1301 934 1355 demonii,
960 1317 1034 1345 ma
1055 1316 1105 1346 se
1128 1301 1243 1346 uolsi
1266 1303 1565 1346 attualmente
1587 1317 1836 1347 amazzare:
1869 1302 2003 1346 final—

352 1387 506 1424 mente
525 1395 574 1423 se
595 1379 787 1432 redussi,
813 1380 857 1422 10
879 1379 1120 1432 confessai,
1141 1386 1187 1423 et
1203 1379 1530 1437 accompagnai
1548 1380 1894 1424 confortandolo
1910 1380 2005 1423 fino

352 1472 379 1501 a
399 1458 443 1500 13
464 1463 622 1500 morte.
651 1458 794 1513 Spero
816 1457 935 1500 nella
957 1456 1135 1500 infinita
1161 1453 1471 1501 misericordia
1492 1458 1550 1501 de
1571 1457 1700 1501 Iddio
1723 1463 1879 1501 nostro
1901 1464 2004 1501 sara

353 1541 472 1578 stato
495 1549 581 1578 000
605 1535 753 1577 fructo
774 1535 880 1578 dell’
905 1534 1056 1578 anima
1077 1549 1175 1579 sua.

445 1625 485 1667 3.
552 1613 767 1655 Anchora
789 1608 827 1654 s''
850 1614 909 1656 ha
932 1619 1174 1668 procurato
1191 1614 1277 1656 che
1293 1613 1332 1656 s’
1350 1614 1410 1656 ha
1432 1609 1704 1656 cominciato
1722 1627 1748 1655 a
1764 1611 2003 1656 dimandar

310 1700 318 1707 ·
351 1688 597 1732 elemosina
618 1703 696 1744 per
718 1688 749 1730 li
775 1689 934 1745 poueri
956 1703 1036 1746 per
1057 1689 1215 1733 ordine
1237 1690 1294 1733 de
1315 1704 1400 1733 sua
1429 1691 1591 1733 Exe.a.
1618 1689 1653 1732 Il
1674 1690 1773 1734 S.0r
1795 1690 1941 1734 Suero
1965 1690 1998 1743 ⁸,

352 1766 383 1808 il
405 1767 503 1810 S.0r
529 1765 679 1809 Gioan
703 1765 884 1818 Osorio,
909 1782 971 1809 vn
992 1765 1247 1823 cortigiano
1269 1766 1516 1823 principale
1546 1774 1592 1810 et
1623 1782 1686 1809 vn
1717 1766 2000 1823 gentilhomo

348 1842 597 1899 principale
614 1844 732 1887 della
754 1850 870 1887 terra
895 1858 1027 1900 spero
1048 1845 1087 1887 s’
1111 1839 1402 1888 adiutiranno
1425 1845 1460 1887 li
1473 1845 1640 1901 poueri
1661 1845 1677 1867 ⁰
1700 1844 1840 1887 molto
1862 1844 1996 1899 bene,

352 1935 443 1963 non
465 1921 561 1963 solo
583 1919 630 1962 in
652 1927 830 1976 questo,
855 1935 928 1964 ma
945 1920 995 1963 in
1011 1936 1228 1978 procurar
1249 1936 1337 1964 con
1358 1936 1442 1965 sua
1470 1922 1610 1965 Exe.a
1634 1922 1692 1964 de
1713 1921 1961 1966 acchiarire
1985 1925 1998 1944 ⁷

350 2003 395 2040 et
417 1996 599 2040 hauersi
621 1998 636 2019 ⁸
661 1996 773 2040 certi
795 1997 920 2040 dritti
942 1997 988 2041 di
1010 1998 1168 2055 poueri
1186 2013 1266 2055 per
1280 1999 1324 2042 le
1346 1998 1467 2054 quali
1484 1999 1610 2042 nullo
1627 2000 1827 2055 parlaua.
1855 1999 2000 2055 Spero

340 2074 407 2117 de
429 2073 581 2129 quisto
603 2075 618 2096 ⁹
643 2076 679 2117 s’
699 2074 954 2118 hauiranno
977 2075 1099 2119 mille
1120 2076 1267 2120 scudi:
1293 2079 1445 2133 questo
1466 2081 1598 2132 spero
1618 2076 1661 2118 si
1673 2075 1831 2132 fim’rc'z
1851 2090 1933 2119 con
1955 2076 2000 2119 la

348 2197 431 2244 ptio
448 2203 510 2234 est
527 2200 782 2246 autographa.
803 2200 916 2246 Quae
934 2201 1009 2235 sub
1026 2201 1201 2237 numeris
1218 2211 1239 2237 2
1258 2206 1299 2237 et
1315 2200 1338 2237 3
1354 2201 1607 2237 continentur
1622 2199 1848 2237 emendavit
1865 2201 1910 2236 P.
1926 2201 1999 2236 Po-

347 2258 473 2302 lanco,
493 2263 537 2293 ut
553 2270 642 2294 cum
661 2259 748 2294 aliis
767 2259 987 2294 litterarum
1005 2260 1223 2308 excerptis,
1247 2273 1349 2308 quae
1373 2261 1422 2297 ad
1444 2260 1759 2297 aedificationem
1781 2259 1997 2306 faciebant,

345 2317 394 2353 ad
411 2317 634 2365 provincias
652 2319 840 2354 mitteret.
861 2318 1028 2355 Caetera
1046 2332 1155 2365 vero,
1174 2333 1224 2356 ne
1248 2333 1270 2356 a
1293 2321 1462 2357 librariis
1486 2320 1861 2365 transcriberentur,
1879 2319 1996 2358 lineis

344 2376 666 2425 circumscripsit,
686 2380 750 2414 vel
768 2380 1016 2415 cancellavit.
1043 2381 1088 2415 In
1111 2380 1289 2426 margine
1313 2386 1446 2417 autem
1468 2382 1573 2416 hunc
1597 2380 1801 2415 titulum-a
1823 2379 1995 2417 librariis

343 2435 404 2472 his
422 2438 620 2486 excerptis
639 2438 934 2485 praefigendum
951 2439 1168 2475 annotavit:
1188 2442 1236 2476 de
1254 2453 1335 2476 vna
1352 2442 1433 2476 lra.
1448 2441 1513 2476 del
1529 2441 1600 2475 P!
1619 2439 1757 2475 Nadal
1770 2440 1818 2475 de
1839 2439 1994 2486 Trapa-

342 2508 412 2538 na,
437 2506 487 2532 20
517 2498 564 2533 de
595 2497 762 2533 Alffartio.
794 2499 901 2535 Usus
932 2504 993 2534 est
1022 2500 1095 2534 hac
1125 2499 1292 2547 epistola
1321 2500 1407 2548 ipse
1437 2501 1656 2543 POLANCO,
1684 2499 1725 2535 in
1754 2497 1922 2540 chron„
1958 2498 1991 2545 1,

343 2554 514 2591 232-233.

416 2616 425 2636 ¹
478 2616 569 2651 Dux
588 2616 781 2661 Gandiae,
800 2616 841 2651 S.
862 2618 1095 2654 Franciscus
1113 2618 1163 2655 de
1180 2618 1310 2666 Borja.

477 2675 624 2710 Prorex
643 2675 817 2720 Siciliae,
837 2676 981 2724 aliique
999 2690 1181 2725 proceres
1201 2679 1307 2715 illius
1325 2678 1471 2715 euriae.

479 2735 652 2780 Joannes
671 2734 876 2782 Philippus
901 2737 1071 2774 Cassini.

477 2793 683 2829 Elisabeth
701 2794 751 2830 de
769 2795 895 2841 Vega,
915 2798 1094 2844 proregis
1117 2798 1212 2834 filia.

477 2852 626 2889 Suerus
644 2853 694 2889 de
713 2854 839 2900 Vega,
859 2856 1037 2902 protegis
1054 2856 1172 2894 filius.

477 2911 587 2947 Haec
606 2913 741 2959 verba,
760 2913 794 2948 li
806 2916 966 2960 paneri,
985 2916 1222 2952 cancellavit
1238 2918 1282 2952 P.
1302 2918 1521 2954 POLANCO.

476 2971 696 3017 POLANCO,
715 2972 906 3009 chiarire.
1086 2982 1088 2984 ’
1171 2978 1172 2981 ’

475 3030 694 3078 ΡοιΑΝοο,
707 3032 866 3069 hauer’.

436 3126 438 3128 ,
475 3088 559 3133 Sic;
580 3101 649 3136 pro
666 3092 832 3127 collecta
850 3103 920 3127 seu
940 3094 1042 3141 stipe
1061 3095 1109 3130 ad
1127 3107 1319 3143 pauperes
1344 3094 1609 3142 sublevandos
1627 3097 1847 3139 corrogata.

409 2677 429 3112 aem45>0=>m=a
