2020 3464
854 255 877 294 3
903 259 1012 305 Jurn
1042 260 1131 305 1562
1741 267 1809 306 741

170 373 200 415 y
221 359 279 402 de
299 360 343 402 13
366 359 523 414 tierra;
547 376 578 416 y
598 361 642 404 10
666 363 746 416 3.⁰,
770 375 859 416 que
881 369 979 405 esta
998 378 1028 419 y
1050 363 1092 406 el
1114 362 1290 406 castillo
1307 362 1593 407 estuuiessen
1615 367 1642 406 a
1664 377 1718 406 su
1739 376 1814 405 re-

170 435 407 492 quisicic'm.
436 438 490 481 El
512 439 635 482 buen
663 438 783 495 uiejo
804 446 964 483 estaua
994 440 1081 483 mal
1111 440 1382 496 apercebido
1410 441 1468 484 de
1498 447 1654 496 gente,
1685 455 1715 496 y
1736 454 1813 484 era

171 521 399 558 menester
420 515 745 561 determinarse
766 523 919 573 presto
940 532 950 560 t
976 516 1126 561 embio
1147 522 1174 560 a
1194 518 1352 562 llamar
1375 518 1417 561 al
1441 517 1680 562 vicereitor
1699 524 1719 545 ³
1739 518 1813 562 del

170 591 381 648 collegio,
427 607 516 649 que
545 608 622 639 era
653 594 695 639 el
732 596 785 638 P.
818 595 988 638 Anibal
1018 595 1218 638 Codreto
1245 596 1276 648 ¹,
1307 610 1397 651 que
1430 595 1540 639 uino
1573 595 1631 638 de
1666 596 1812 639 Roma

168 682 256 712 con
272 677 459 713 nuestro
478 672 627 716 Padre
640 671 846 728 general,
866 687 896 728 y
912 671 1062 715 dixole
1078 673 1122 715 10
1140 686 1230 727 que
1246 672 1314 715 los
1330 672 1508 728 herejes
1530 671 1773 715 embiauan
1790 672 1811 699 b

168 750 196 789 a
216 745 362 790 dezir:
387 748 430 791 el
452 748 494 791 le
515 747 756 805 respondio
782 762 872 804 que
894 747 977 792 iria
1004 742 1268 792 consultare
1285 763 1372 792 con
1399 750 1468 792 los
1496 749 1570 792 del
1596 745 1808 805 collegio,

166 838 198 881 y
219 824 423 869 bolueria
437 825 458 853 ‘¹
472 826 515 870 la
537 832 764 884 repuesta.
786 827 994 884 Propuso
1015 826 1059 871 13
1081 840 1188 870 cosa
1209 827 1319 871 alos
1341 833 1568 871 nuestros:
1588 841 1685 870 una
1707 840 1811 870 uoce

237 1004 258 1025 ⁸
287 998 369 1035 Alt.
388 1011 468 1047 ap.,
486 1001 787 1037 vicerector.-b
818 1001 898 1037 Alt.
919 1013 998 1049 ap.,
1014 1001 1072 1036 los
1083 1000 1236 1048 herejes
1249 1001 1284 1037 le
1297 1001 1600 1037 embiauan.—c
1629 1001 1709 1036 Alt.
1729 1011 1807 1047 ap.,

164 1058 191 1092 ἁ
208 1058 506 1094 consultar.—d
533 1060 614 1096 Alt.
634 1071 712 1108 ap.,
730 1071 804 1107 que
828 1060 1024 1097 bolueria.

163 1179 708 1225 responsiones.—Emundus
727 1181 1012 1227 Augerus.-—1.
1034 1181 1196 1228 Septem
1220 1191 1341 1217 annos
1364 1180 1660 1216 humanioribus
1684 1179 1808 1215 literis

165 1236 353 1274 dederam
371 1251 544 1287 operam,
565 1246 644 1277 tam
660 1240 814 1288 graecis
838 1252 956 1288 quam
980 1240 1127 1286 latinis,
1152 1246 1362 1287 antequam
1386 1239 1615 1286 ingrederer
1636 1238 1808 1274 Societa-

165 1302 260 1333 tem.
280 1299 378 1335 Inde
395 1311 418 1335 a
439 1307 519 1345 17.⁰
539 1312 641 1337 anno
659 1300 708 1337 ad
726 1310 770 1346 25
789 1300 928 1337 vacavi
946 1300 1107 1336 lectioni
1125 1301 1306 1347 publicae
1325 1299 1569 1335 earumdem:
1589 1299 1679 1334 hinc
1697 1298 1745 1333 ad
1762 1307 1809 1343 29

163 1362 204 1392 et
221 1359 389 1405 amplius
406 1359 498 1396 dedi
515 1372 673 1408 operam
690 1360 970 1408 philosophicis
988 1365 1029 1396 et
1046 1360 1293 1407 theologicis,
1321 1365 1400 1395 tam
1424 1358 1669 1395 scholasticis
1692 1369 1808 1405 quam

162 1416 358 1464 positivis.
380 1428 415 1455 2.
436 1420 673 1457 Valetudine
691 1421 858 1457 adversa
875 1421 978 1457 serio
1003 1420 1197 1456 laboravi:
1224 1420 1319 1456 nihil
1345 1425 1476 1455 tamen
1499 1424 1567 1454 aut
1589 1430 1725 1465 parum
1748 1429 1807 1452 re-

162 1477 252 1514 misi
269 1478 318 1514 de
336 1480 464 1516 officio
480 1480 640 1517 lectoris
658 1482 722 1517 vel
746 1481 1042 1517 contionatoris.
1068 1479 1104 1516 3.
1130 1480 1194 1515 Ad
1211 1480 1341 1516 studia
1363 1479 1587 1525 theologiae
1612 1477 1805 1525 positivae

160 1541 201 1573 et
218 1548 417 1574 sacrarum
435 1539 635 1576 literarum
652 1539 818 1576 inclinor
834 1551 904 1587 pro
921 1539 1071 1576 ratione
1096 1539 1352 1575 emolumenti
1375 1538 1467 1575 inde
1491 1536 1732 1584 emergentis
1756 1536 1806 1571 ad

158 1596 371 1644 proximos,
390 1604 434 1634 ut
451 1599 546 1636 mihi
563 1599 734 1636 videtur.
753 1610 790 1646 4.
810 1599 976 1646 Ingenio
993 1605 1035 1636 et
1053 1599 1238 1635 memoria
1255 1610 1333 1634 non
1352 1598 1501 1634 infelici
1519 1597 1655 1633 videor
1671 1597 1765 1632 mihi
1783 1608 1805 1632 a

156 1657 246 1695 Deo
264 1663 305 1694 et
322 1659 490 1695 Domino
512 1665 646 1696 nostro
669 1660 851 1696 donatus.
876 1660 972 1696 Eius
998 1659 1051 1695 sit
1073 1661 1172 1695 laus·
1198 1667 1234 1704 5.
1261 1659 1352 1694 Non
1378 1658 1515 1694 videor
1540 1657 1636 1693 mihi
1661 1657 1803 1693 lusisse

157 1728 316 1764 operam
334 1718 375 1754 in
393 1718 441 1754 iis
459 1719 616 1765 studiis,
630 1731 730 1768 quae
749 1720 921 1766 versavi,
937 1719 1107 1755 maxime
1120 1718 1390 1763 humanitatis,
1405 1717 1628 1764 linguarum
1642 1722 1683 1752 et
1695 1717 1803 1752 theo-

156 1776 298 1823 logiae.
317 1778 353 1813 6.
374 1778 548 1815 Gradum
568 1780 718 1816 nullum
735 1780 884 1828 accepi,
903 1791 978 1815 nec
993 1778 1189 1815 desidero.
1207 1786 1244 1824 7.
1270 1779 1369 1814 Tam
1392 1778 1563 1814 libenter
1585 1777 1715 1813 studia
1736 1776 1802 1812 de-

157 1848 299 1883 seram,
318 1850 435 1885 quam
452 1850 539 1874 sum
557 1850 782 1885 aggressus.
801 1839 838 1876 8.
858 1839 1019 1875 Nullum
1037 1838 1255 1875 studiorum
1272 1849 1401 1884 genus
1417 1848 1571 1883 recuSO,
1588 1848 1639 1872 ne
1652 1836 1801 1882 logices

154 1896 315 1944 quidem
333 1899 396 1934 vel
412 1897 761 1946 jurisprudentiae,
780 1899 815 1935 si
838 1899 893 1935 ita
913 1899 1134 1946 juberetur.
1160 1909 1197 1945 9.
1217 1897 1398 1934 Docendi
1423 1909 1522 1933 onus
1541 1907 1588 1932 eo
1613 1895 1801 1932 libentius

155 1957 368 2004 suscipiam
386 1970 557 2006 semper,
575 1970 653 2006 quo
670 1959 711 1995 in
729 1971 777 1994 eo
794 1971 882 1994 sum
900 1957 1026 2005 magis
1042 1963 1242 2003 assuetus,
1261 1957 1437 2004 nihilque
1456 1956 1551 1992 mihi
1570 1957 1705 2003 timeo,
1729 1956 1800 1992 sed

154 2017 319 2060 viribus,
338 2030 439 2065 quae
457 2018 644 2054 infirmari
661 2030 740 2054 non
757 2023 936 2066 possunt,
955 2018 1065 2054 obire
1082 2017 1168 2063 (?).»
1187 2019 1246 2054 Ex
1263 2017 1359 2053 Cod.
1379 2017 1440 2059 16,
1461 2017 1513 2063 11,
1531 2026 1577 2063 92
1586 2024 1656 2062 -97.

228 2079 239 2099 ¹
290 2079 350 2114 En
374 2078 490 2125 hujus
514 2078 642 2114 Patris
666 2089 834 2114 examen
851 2089 1073 2114 commune.
1095 2086 1154 2113 «1.
1175 2076 1347 2113 Annibal
1365 2088 1388 2112 a
1405 2076 1591 2113 Codreto.
1618 2085 1652 2111 2.
1677 2074 1799 2111 Circi-

153 2142 213 2174 ter
229 2136 289 2173 38.
308 2136 344 2173 3.
365 2138 585 2184 Sabaudus,
604 2138 799 2174 dioecesis
816 2137 1020 2184 gebensis,
1039 2149 1089 2173 ex
1106 2137 1250 2184 oppido
1268 2135 1495 2172 Salaucia...
1525 2144 1581 2171 12.
1609 2135 1672 2170 Ab
1695 2146 1797 2170 anno

151 2198 213 2244 46,
232 2197 348 2234 factis
365 2198 566 2234 Bononiae
585 2197 786 2234 exercitiis
803 2198 878 2233 sub
895 2198 1012 2233 Patre
1035 2197 1267 2233 Hieronimo
1289 2197 1535 2240 Domenech,
1561 2195 1684 2231 edidit
1706 2200 1796 2230 vota

155 2267 198 2304 19
215 2257 402 2296 Octobris
421 2259 527 2304 1546,
543 2263 583 2294 et
597 2269 734 2293 mense
748 2257 934 2304 Januario
947 2257 1111 2293 Romam
1124 2257 1249 2302 venit,
1265 2257 1399 2304 ibique
1413 2256 1659 2292 examinatus
1672 2254 1793 2290 fuit...

155 2325 212 2362 14.
232 2317 304 2352 Est
321 2317 519 2353 sacerdos.
548 2325 604 2362 15.
631 2317 891 2364 Messanensi,
914 2327 1090 2361 romano,
1114 2315 1360 2352 turnonensi.
1388 2315 1445 2350 16.
1471 2314 1583 2350 Fecit
1606 2313 1794 2349 exercitia

152 2377 383 2424 spiritualia.
412 2385 447 2412 2.
479 2377 568 2412 Non
597 2376 807 2412 inservivit
836 2376 876 2412 in
899 2375 1157 2412 xenodochio.
1184 2374 1221 2411 3.
1252 2376 1342 2411 Non
1371 2380 1433 2410 est
1457 2373 1729 2421 peregrinatus
1751 2372 1791 2408 in

152 2442 396 2484 paupertate.
422 2444 482 2483 4.0
511 2437 702 2472 Versatus
728 2442 790 2472 est
818 2435 859 2472 in
887 2435 1088 2483 obsequiis
1117 2435 1346 2472 domesticis
1376 2446 1533 2470 menses
1555 2442 1596 2478 15
1627 2434 1788 2468 Romae.

153 2503 212 2542 5.0
234 2497 380 2533 Docuit
409 2497 626 2533 doctrinam
648 2496 900 2532 christianam
918 2495 1091 2543 saepius,
1116 2495 1234 2543 idque
1258 2507 1414 2542 pueros.
1441 2494 1500 2529 6.0
1526 2493 1790 2530 Concionatus

153 2561 228 2600 est,
246 2556 359 2603 legit,
377 2555 500 2592 audiit
517 2555 802 2602 confessiones,
821 2554 1248 2602 etc...»-«Responsio
1272 2554 1478 2590 Annibalis
1502 2565 1523 2589 a
1546 2552 1716 2589 Codreto
1740 2551 1789 2587 ad

152 2626 318 2651 examen
336 2616 671 2652 scholasticorum.
696 2623 728 2650 1.
747 2616 888 2650 Fertur
905 2619 987 2650 tota
1004 2613 1085 2650 vita
1102 2613 1411 2657 humanioribus,
1430 2610 1649 2657 rhetoricis,
1668 2610 1788 2657 philo-

150 2675 337 2723 sophicis,
356 2675 658 2721 mathematicis,
677 2674 856 2720 medieis,
876 2673 1107 2720 theologicis
1126 2679 1166 2709 et
1183 2673 1301 2709 trium
1319 2672 1553 2718 linguarum.
1574 2679 1608 2705 2.
1627 2670 1789 2707 Utcum-

148 2747 226 2783 que
249 2747 400 2771 sanum.
420 2734 456 2771 3.
483 2735 588 2771 Satis
611 2736 713 2771 bene
736 2745 987 2782 propensum,
1016 2739 1057 2769 et
1080 2732 1129 2770 ad
1152 2732 1374 2778 theologica
1397 2731 1536 2777 magis.
1562 2740 1598 2775 4.
1625 2730 1787 2766 Utcum-

146 2807 223 2842 que
241 2800 355 2842 aptus
373 2794 421 2830 ad
438 2794 615 2842 quaevis.
636 2794 802 2840 Ingenio
820 2794 946 2839 magis
959 2804 1076 2840 quam
1089 2792 1278 2828 memoria
1291 2793 1443 2836 valens,
1458 2788 1687 2838 praesertim
1701 2799 1787 2824 ver-

147 2856 285 2891 borum
299 2860 339 2890 et
352 2866 482 2890 rerum
497 2853 802 2901 particularium.
822 2860 857 2898 5.
878 2852 1115 2888 Mediocrem
1127 2851 1168 2887 in
1185 2852 1249 2896 iis,
1267 2863 1367 2899 quae
1385 2850 1531 2896 attigit3
1547 2848 1733 2883 maiorem
1746 2848 1786 2883 in

146 2915 292 2961 linguis
310 2919 351 2950 et
369 2914 581 2960 theologia,
599 2913 690 2961 quia
712 2913 787 2949 alia
812 2924 932 2960 prope
956 2911 1201 2948 exciderunt.
1227 2911 1307 2947 Sed
1330 2916 1370 2946 et
1395 2921 1444 2945 ex
1467 2907 1691 2955 cognitione
1714 2907 1786 2943 lin-

147 2986 312 3020 guarum
330 2974 495 3009 multum
512 2973 680 3020 deperiit
698 2972 826 3020 deque
845 2983 918 3008 usu
936 2972 1116 3019 poe‘seOS.
1135 2971 1172 3006 6.
1193 2971 1255 3006 Ad
1273 2971 1423 3006 nullum
1445 2968 1611 3015 gradum
1635 2979 1784 3014 promo-

148 3039 226 3070 tus.
244 3042 280 3079 7.
300 3034 371 3069 Est
387 3033 629 3069 indifferens.
649 3032 684 3068 8.
705 3033 813 3068 Bono
831 3031 975 3075 animo,
1000 3030 1076 3066 Dei
1095 3030 1234 3077 gratia.
1258 3042 1294 3078 9.
1324 3031 1394 3068 Est
1418 3027 1784 3080 paratus.—B·iglio-

150 3093 204 3134 mi
220 3100 282 3145 7.ει
302 3092 393 3134 Maii
414 3092 543 3144 1562.»
562 3093 620 3133 Ex
641 3091 737 3132 Cod,
758 3091 817 3134 16,
837 3092 869 3139 1,
888 3090 973 3139 346,
991 3089 1074 3141 347.
