2066 3490
290 319 338 346 20
888 305 1056 341 CHRoN.
1083 304 1138 347 P„
1156 304 1344 340 NATAms

381 410 455 464 64.
522 407 772 462 Exultatio‚
799 422 939 464 quum
968 407 1026 450 de
1053 405 1180 463 ligno
1208 405 1358 450 crucis
1385 405 1495 448 mihi
1522 404 1648 449 dedit
1676 407 1730 449 P.
1765 406 1940 448 Dome-

291 502 452 531 necus.

382 566 454 620 65.
519 563 727 607 Dabatur
756 561 867 606 mihi
895 562 952 605 ad
979 561 1248 605 vertendam
1278 560 1475 604 culinam
1498 574 1636 616 scopa
1656 574 1682 603 e
1715 558 1940 603 truncatis

288 638 518 700 virgultis,
543 647 594 683 vt
615 640 858 683 difficulter
878 653 1058 696 possem
1080 653 1278 692 verrere,
1304 638 1427 694 quod
1447 652 1522 681 me
1543 636 1761 681 exercuit.

380 721 452 763 66.
518 718 710 762 lubebat
746 731 819 760 me
848 719 902 761 Ρ.
936 715 1142 773 Ignatius
1172 716 1326 759 fodere
1353 714 1400 758 in
1428 717 1583 768 horto,
1616 729 1721 758 cum
1747 714 1940 758 suffulta

286 797 481 854 pellibus
501 801 647 848 veste,
673 801 719 839 et
740 795 1005 838 obambulat
1027 807 1132 837 cum
1154 795 1355 836 Doctore
1378 791 1593 836 Torrensi
1619 793 1648 835 ¹.

378 875 451 928 67.
517 872 781 916 Consolatio
803 871 851 915 in
873 870 1128 923 refectorio,
1155 870 1278 926 quod
1293 872 1421 914 Deus
1443 884 1516 914 me
1537 870 1694 913 aleret.

377 952 450 994 68.
515 951 678 994 Fames
705 948 1075 1000 extraordinaria,
1102 949 1160 991 de
1187 962 1293 1003 qua,
1325 962 1467 1003 quum
1495 947 1761 1004 scrupulum
1793 947 1940 991 refer—

286 1043 381 1072 rem
399 1028 456 1072 ad
472 1029 525 1071 P.
544 1026 790 1084 Ignatium,
811 1025 994 1083 rogauit
1009 1040 1067 1069 ex
1080 1039 1169 1077 me,
1190 1039 1407 1080 quorsum
1425 1025 1725 1068 comederem:
1746 1038 1934 1081 respon-

285 1106 347 1159 di,
372 1113 423 1149 vt
443 1105 648 1148 viuerem
668 1104 726 1148 ad
748 1104 972 1161 agendam
995 1104 1052 1147 de
1074 1102 1274 1160 peccatis
1290 1101 1631 1159 poenitentiam,
1651 1109 1697 1146 et
1717 1103 1817 1146 Deo
1839 1116 1939 1146 ser-

286 1184 521 1226 uiendum.
555 1181 684 1225 Dixit
717 1180 893 1238 placide
931 1180 1188 1224 subridens:
1233 1180 1461 1224 «Comede
1497 1179 1655 1236 igitur,
1690 1193 1935 1236 pauperem

285 1276 403 1304 me.»
431 1261 538 1316 Quo
560 1258 733 1312 audito,
759 1258 824 1301 fui
846 1258 923 1301 illo
946 1258 1162 1314 scrupulo
1182 1258 1378 1301 leuatus.

902 1379 954 1413 14
976 1385 1172 1420 JANUARu
1196 1378 1325 1413 1546.

378 1482 452 1539 69.
519 1482 676 1537 Quum
713 1494 786 1523 me
821 1478 1011 1522 vrsisset
1032 1478 1108 1522 illa
1144 1478 1381 1536 cogitatio,
1413 1493 1486 1523 me
1507 1493 1599 1523 non
1626 1480 1795 1523 habere
1828 1486 1939 1524 vota

287 1557 538 1615 religionis,
578 1571 663 1600 nec
701 1570 801 1600 esse
829 1555 1109 1612 religiosum,
1146 1571 1251 1599 narn
1278 1554 1515 1612 superiora
1537 1563 1644 1600 vota
1671 1563 1849 1600 tantum
1877 1557 1938 1600 de
2007 1577 2011 1581 ·

287 1635 511 1679 vouendis
532 1633 653 1678 votis
674 1633 907 1691 religionis
931 1632 1160 1692 [fuerant],
1181 1633 1353 1677 contuli
1369 1648 1443 1677 me
1459 1634 1516 1677 ad
1533 1633 1732 1678 rationes
1748 1633 1934 1678 electio-

287 1713 358 1756 nis
380 1728 437 1756 ex
464 1710 708 1764 exercitiis,
740 1710 926 1754 adhibui
959 1710 1203 1764 orationes,
1235 1726 1365 1754 sacra
1386 1710 1494 1754 item
1517 1711 1697 1764 missae,
1723 1725 1841 1768 quae
1862 1726 1938 1756 me

288 1805 342 1834 eo
365 1790 671 1842 adduxerunt,
695 1795 747 1831 vt
768 1788 902 1844 plane
923 1788 1087 1831 vellem
1109 1795 1217 1831 vota
1248 1801 1289 1843 3,
1322 1788 1618 1845 paupertatis,
1644 1788 1866 1833 castitatis
1887 1796 1936 1833 et

287 1866 590 1919 obedientiae,
621 1865 771 1909 edere.
813 1865 950 1909 Volui
989 1872 1139 1908 tamen
1174 1880 1267 1909 rem
1300 1866 1479 1909 deferre
1506 1866 1563 1909 ad
1602 1867 1655 1909 P.
1682 1866 1928 1923 Ignatium:

289 1943 524 2001 respondit
545 1949 668 1987 recte
690 1956 784 1985 rem
807 1942 992 1996 habere3
1023 1957 1207 1986 «verum
1229 1944 1316 1986 hoc
1338 1942 1461 1986 audi:
1482 1942 1645 1999 inquit,
1672 1951 1722 1986 tu
1739 1943 1828 1987 iam
1844 1946 1935 1988 hoc

287 2023 430 2066 habes
458 2020 671 2072 meritum
698 2020 819 2076 apud
857 2021 1022 2074 Deum,
1063 2021 1185 2075 quod
1222 2020 1335 2064 velis
1362 2020 1438 2064 illa
1466 2028 1573 2064 vota
1598 2036 1783 2065 vouere:
1809 2036 1936 2066 nunc

287 2107 439 2143 tamen
462 2097 585 2141 aliud
607 2099 695 2141 hoc
717 2096 927 2140 meritum
950 2097 1154 2153 concipe,
1180 2104 1230 2140 vt
1250 2097 1327 2141 illa
1347 2112 1406 2141 ne
1435 2098 1573 2142 facias
1595 2105 1717 2151 vota,
1743 2100 1866 2154 quod
1887 2099 1937 2143 id

286 2176 397 2219 mihi
425 2190 519 2219 non
546 2174 800 2218 videatur.»
843 2173 1086 2229 Acquieui3
1125 2189 1282 2219 verum
1312 2190 1453 2232 quum
1484 2175 1711 2229 abiissem,
1751 2191 1933 2229 rursum

285 2253 427 2297 subiit
449 2267 522 2296 me
543 2251 778 2309 cogitatio:
804 2250 879 2294 cui
903 2258 951 2293 tu
975 2266 1132 2304 voueS,
1159 2252 1336 2309 Ignatio
1364 2268 1423 2296 an
1445 2255 1565 2296 Deo?
1587 2267 1706 2297 voue
1729 2253 1932 2298 omnino:
1982 2291 1983 2294 ,

285 2331 348 2374 ita
369 2331 468 2384 vult
490 2332 633 2374 Deus.
661 2330 790 2372 Haec
812 2328 1030 2385 cogitatio
1054 2329 1160 2372 fecit
1177 2336 1227 2372 vt
1248 2336 1495 2374 statuerem
1511 2324 1637 2387 apud'
1649 2345 1722 2375 me
1744 2345 1928 2385 vouere,

284 2407 428 2451 inscio
452 2409 505 2451 P.
532 2405 726 2464 Ignatio.
753 2406 804 2448 In
832 2407 919 2449 hoc
947 2420 1088 2461 quum
1117 2421 1280 2460 essem,
1321 2415 1709 2464 repraesentatum
1732 2408 1842 2452 mihi
1862 2415 1935 2454 est

284 2592 373 2616 cum
388 2579 450 2624 iis,
466 2591 566 2627 quae
581 2578 718 2615 scribit
731 2579 875 2614 P1N1US
890 2579 929 2614 in
944 2580 1055 2615 Actis
1070 2579 1271 2622 Sanctor„
1287 2585 1316 2615 t.
1334 2580 1409 2615 VII
1423 2581 1518 2626 Jul.,
1537 2580 1757 2618 Comment.
1768 2586 1930 2630 praev„

285 2652 323 2675 n.
345 2639 428 2675 801.
449 2640 599 2675 Auctor
618 2638 722 2674 enirn
740 2638 1003 2674 annotationis
1026 2638 1219 2675 Chronici
1242 2639 1398 2685 scribit,
1423 2649 1470 2676 10
1494 2640 1620 2676 Mart.
1642 2650 1764 2686 1545‚·
1787 2643 1934 2679 PINIUS

283 2691 392 2743 vero,
411 2709 458 2735 10
476 2698 582 2744 Maji
600 2698 778 2745 ejusdem
796 2698 901 2733 anni.
922 2698 984 2734 Cf.
1004 2698 1124 2734 etiam
1142 2698 1293 2734 Cartas
1309 2700 1375 2734 del
1393 2701 1443 2735 Β.
1464 2701 1614 2742 Fabro,
1635 2701 1667 2745 I,
1686 2700 1770 2747 239.
1795 2702 1930 2748 Porro,

285 2759 370 2811 sive
389 2758 486 2794 illud
499 2757 692 2804 judicium
709 2757 887 2793 habitum
906 2757 1024 2794 fuerit
1042 2770 1179 2794 mense
1197 2758 1314 2805 Majo,
1329 2758 1414 2794 sive
1433 2759 1588 2805 Martio,
1603 2760 1768 2796 evidens
1786 2766 1847 2797 est
1860 2763 1934 2798 Pa-

283 2824 383 2853 trem
402 2818 526 2853 Nadal
546 2830 625 2853 non
643 2829 762 2864 agere
779 2817 843 2853 hic
861 2817 909 2852 de
929 2818 997 2853 tali
1011 2818 1175 2864 judicio,
1195 2818 1266 2854 sed
1283 2819 1332 2854 de
1353 2818 1483 2866 aliquo
1500 2819 1591 2864 alio,
1610 2821 1727 2868 quod,
1746 2821 1796 2857 ad
1811 2822 1931 2858 finem

280 2883 472 2924 vergente
490 2889 593 2913 anno
614 2885 718 2923 1545,
738 2877 915 2913 habiturn
934 2877 1034 2914 forte
1054 2877 1194 2923 fuerit,
1212 2890 1301 2914 nam
1319 2879 1405 2926 ipse
1424 2879 1468 2915 P.
1489 2880 1612 2916 Nadal
1632 2880 1672 2916 in
1691 2881 1932 2918 Societatem

282 2937 477 2973 admissus
497 2942 572 2981 est,
592 2948 729 2972 mense
747 2937 999 2972 Novembris.

293 3012 295 3016 v
355 2999 366 3019 ¹
420 2997 498 3032 Sic.
525 2997 654 3043 Hujus
678 2997 876 3032 clausulae
907 3009 1062 3042 sensus,
1093 2997 1156 3033 hie
1180 3009 1268 3033 esse
1295 2998 1464 3043 videtur,
1492 2999 1656 3036 scilicet:
1685 3000 1778 3036 dum
1805 3001 1929 3038 Na'dal

281 3059 426 3091 terram
455 3056 645 3101 fodiebat,
677 3055 854 3102 Ignatius
885 3068 973 3092 cum
1004 3058 1176 3093 Doctore
1207 3057 1398 3094 Michaele
1428 3058 1478 3094 de
1502 3059 1646 3095 Torres
1673 3071 1743 3107 per
1772 3061 1930 3098 hortum

280 3113 575 3153 deambulabat.
