2098 3548
290 263 361 292 xV1
861 254 1109 291 PRAEFArio
1135 260 1372 290 GENERALis

285 360 474 412 dendas,
499 358 592 403 acri
615 358 719 403 stilo
735 365 782 403 et
804 373 981 403 summa
1009 358 1264 403 eruditione
1291 357 1552 402 lucubravit
1578 358 1606 401 ¹.
1633 357 1827 411 Deinde,
1864 364 1934 402 to-

286 437 377 481 tius
393 436 589 481 instituti
607 436 850 482 Societatis
866 436 1152 494 apologetica
1169 436 1329 491 oratio,
1350 451 1486 493 quarn
1504 451 1682 480 summa
1698 435 1937 494 diligentia

287 515 506 569 confecit,
547 522 594 559 et
630 514 849 559 cardinali
886 517 1161 559 Borromaeo
1198 514 1404 558 exhibuit
1441 529 1524 572 pro
1554 513 1934 558 constitutionum

286 593 452 651 Ignatii
495 593 725 650 primaeva
763 594 908 637 forma
925 614 928 618 ·
945 592 1321 650 redintegranda,
1364 607 1482 649 quae
1519 594 1605 637 sub
1642 592 1937 650 pontificibus

288 672 434 715 Paulo
456 672 518 716 IV
547 678 594 715 et
616 670 701 715 Pio
723 672 765 715 V
788 670 996 714 nonnihil
1023 669 1262 713 immutata
1283 670 1433 714 fuerat
1455 671 1488 713 ².

378 751 621 794 Tractatus
660 748 809 793 Patris
846 748 1008 801 Nadal,
1048 747 1208 804 lingua
1245 747 1386 792 latina
1417 748 1670 805 generatim
1702 747 1941 806 perscripti

289 833 413 882 sunt,
439 834 490 870 ut
506 818 698 880 Scholia,
716 827 854 870 Ratio
870 826 1143 879 stadiorum,
1160 826 1369 883 Dialogi,
1386 827 1716 870 Annotationes
1733 827 1784 870 irc
1801 841 1941 870 evan—

284 905 427 962 gelia,
453 904 724 958 Clzronicon,
742 908 782 947 et
798 903 1140 961 Eplzemerides.
1162 903 1342 960 Scripta
1357 917 1467 948 vero
1483 903 1670 957 leviora,
1693 910 1743 948 ut
1759 905 1941 961 Episto-

288 983 371 1036 lae,
394 982 639 1040 Opuscula,
661 989 748 1027 etc.
761 1016 771 1035 ,
797 981 962 1039 partim
983 980 1139 1035 latine,
1166 979 1330 1038 partim
1351 980 1589 1038 hispanice
1609 982 1684 1026 vel
1704 981 1872 1037 italice,
1897 989 1944 1026 et

289 1060 518 1104 interdum
528 1059 824 1104 lemovicensi
840 1059 977 1104 etiam
993 1073 1203 1103 sermone
1219 1058 1470 1116 composita
1487 1060 1631 1103 fuere.
1653 1060 1787 1116 Quae
1803 1059 1942 1104 latine

289 1137 486 1195 scripsit,
526 1145 572 1182 et
609 1137 884 1191 emendavit,
926 1143 978 1180 ut
1014 1137 1208 1191 Scholia,
1247 1138 1577 1181 Annotationes
1605 1138 1657 1180 in
1684 1138 1940 1196 evangelia,

287 1216 495 1273 Dialogi,
533 1222 643 1270 etc.,
685 1222 898 1259 accurate
934 1214 1044 1259 satis
1081 1215 1323 1259 lucubrata
1358 1215 1595 1269 videntur,
1636 1215 1675 1258 si
1712 1216 1934 1272 quaedam

289 1292 642 1350 orthographiae
662 1294 843 1346 menda,
870 1300 980 1336 tunc
1010 1292 1226 1350 temporis
1252 1300 1323 1336 sat
1350 1293 1627 1347 communia,
1653 1300 1699 1338 et
1720 1293 1767 1337 in
1789 1294 1940 1338 Nadal

291 1370 600 1428 frequentiora
615 1406 625 1425 ‚
670 1370 972 1428 excipiantur.
1020 1371 1154 1427 Quae
1196 1377 1350 1415 autem
1392 1370 1627 1428 hispanice
1668 1371 1743 1415 vel
1791 1370 1941 1416 italice

292 1448 488 1506 scripsit,
529 1463 634 1492 cum
671 1455 835 1493 neutra
876 1447 1037 1506 lingua
1078 1447 1165 1506 ipsi
1202 1448 1423 1493 naturalis
1460 1448 1619 1504 fuerit,
1660 1456 1728 1493 tot
1764 1456 1942 1494 scatent

294 1526 619 1584 grammaticae
635 1534 680 1571 et
697 1525 1051 1584 orthographiae
1066 1525 1204 1580 vitiis,
1224 1526 1490 1584 praesertim
1507 1541 1613 1570 cum
1634 1541 1714 1584 per
1735 1526 1942 1571 librarios

293 1612 477 1649 exarata
499 1605 701 1657 fuerunt,
732 1612 784 1648 ut
805 1611 972 1649 cuncta
993 1611 1142 1649 errata
1163 1611 1323 1670 notare
1344 1611 1391 1649 et
1411 1604 1642 1663 corrigere
1662 1606 1787 1648 haud
1809 1604 1941 1649 facile

292 1689 339 1727 et
359 1682 493 1727 nimis
515 1683 756 1727 molestum
778 1682 1027 1728 lectoribus
1049 1682 1290 1727 accideret.
1312 1683 1510 1739 Ideoque
1527 1689 1704 1727 tantum
1721 1683 1941 1727 nonnulla

293 1761 635 1815 annotabimus,
661 1776 778 1818 quae
800 1762 858 1806 ad
879 1776 1064 1806 sensum
1087 1760 1360 1818 scriptorum
1382 1760 1654 1818 capiendum
1682 1760 1829 1819 magis
1856 1775 1938 1806 ne-

291 1839 487 1884 cessaria
501 1838 795 1894 videbuntur,
810 1846 990 1884 caetera
1005 1838 1219 1897 prudenti
1234 1838 1393 1883 lectori
1409 1840 1694 1884 emendanda
1709 1838 1938 1897 relinque--

293 1931 410 1961 mus.
425 1918 572 1961 Nemo
588 1916 730 1974 igitur
746 1917 951 1971 miretur,
974 1917 1051 1961 ubi
1067 1919 1182 1961 haec
1199 1923 1245 1961 et
1261 1916 1348 1961 alia
1364 1916 1526 1961 similia
1542 1917 1589 1960 in
1605 1916 1800 1974 scriptis,
1821 1931 1939 1974 quos

294 1994 487 2048 edimus,
511 1994 679 2052 passim
701 1995 918 2053 reperiat:
950 1996 1138 2039 Lutecia
1166 2010 1248 2052 pro
1275 1995 1472 2049 Lutetia,
1492 1996 1696 2054 fortasis
1723 2010 1806 2052 pro
1835 1996 1936 2046 for—

295 2073 444 2126 tassis,
461 2072 690 2130 dificultas
705 2088 788 2130 pro
805 2073 1075 2132 difficultas,
1087 2073 1315 2130 presbiter
1330 2087 1412 2130 pro
1422 2073 1670 2131 presbyter,
1692 2073 1841 2117 dester
1857 2087 1939 2130 pro

292 2150 463 2204 dexter,
474 2151 625 2194 Araos
640 2165 722 2207 pro
735 2152 901 2204 Araoz,
914 2152 1040 2208 reyal
1056 2166 1137 2208 pro
1154 2151 1265 2205 real,
1277 2158 1324 2195 et
1339 2150 1463 2195 mille
1479 2150 1567 2195 alia
1576 2150 1622 2194 id
1640 2165 1804 2209 genus,
1821 2164 1939 2207 quae

295 2227 477 2284 quidem
505 2227 700 2272 libenter
726 2229 1096 2282 emendaremus,
1122 2228 1159 2273 si
1180 2229 1309 2286 leges
1336 2226 1383 2272 in
1411 2228 1612 2272 editione
1639 2229 1938 2272 documento-

293 2319 394 2348 rum
405 2306 501 2362 jam
517 2306 685 2349 nostris
706 2305 868 2350 diebus
889 2306 1192 2351 communiter
1206 2314 1417 2364 receptae
1437 2305 1484 2350 id
1511 2305 1696 2350 minime
1711 2312 1931 2350 vetarent.

385 2382 490 2426 Alia
516 2398 588 2427 res
616 2398 708 2427 non
738 2383 967 2428 modicum
995 2383 1042 2427 in
1070 2385 1156 2428 hac
1183 2383 1455 2441 scriptorum
1480 2386 1533 2428 P.
1564 2384 1708 2428 Nadal
1739 2382 1937 2426 editione

293 2460 529 2518 negotium
553 2460 683 2504 nobis
707 2462 951 2516 facessivit3
977 2464 1367 2520 autographorum
1383 2461 1595 2506 videlicet
1609 2460 1806 2518 pessima
1822 2459 1936 2504 scri—

292 2546 440 2596 ptura.
481 2538 757 2583 Inconcinne
784 2540 1028 2583 admodum
1057 2546 1103 2584 et
1130 2540 1262 2584 valde
1291 2540 1483 2584 confuse
1509 2539 1682 2598 litteras
1715 2538 1935 2596 pingebat

288 2618 438 2661 bonus
456 2619 508 2661 Ρ.
535 2617 699 2671 Nadal,
719 2618 841 2672 quod
863 2617 1046 2673 quidem
1062 2617 1212 2675 lepide
1227 2617 1404 2662 notavit
1419 2619 1477 2661 D.
1498 2618 1674 2662 Gomez
1690 2617 1862 2661 Suarez
1879 2616 1936 2660 de

292 2695 535 2753 Figueroa,
567 2696 609 2739 V
637 2709 790 2738 comes
827 2695 885 2739 de
915 2697 951 2739 F
954 2695 1062 2749 eria,
1103 2695 1198 2752 qui,
1238 2710 1343 2740 cum
1370 2694 1681 2752 conspexisset
1708 2694 1881 2738 litteras
1910 2709 1937 2738 a

295 2775 349 2818 P.
381 2774 529 2818 Nadal
559 2780 782 2825 exaratas,
813 2772 877 2816 ait
903 2772 1004 2816 illos
1031 2772 1183 2830 apices
1204 2787 1305 2818 esse
1326 2772 1516 2830 primam
1539 2787 1650 2826 rem,
1676 2787 1812 2829 quam
1840 2772 1938 2829 ipse

294 2865 528 2908 perperam
551 2851 716 2894 factam
737 2849 927 2894 vidisset
953 2851 1001 2894 in
1022 2850 1252 2896 Societate
1274 2852 1307 2894 ⁵.
1736 2856 1739 2861 “

364 2978 374 2998 ¹
427 2975 528 3011 Vide
546 2975 644 3012 Cod.
668 2984 724 3020 12;
745 2980 784 3011 et
803 2975 1055 3023 Appendices
1070 2976 1110 3012 in
1129 2974 1317 3013 POLANex
1339 2976 1506 3020 Chron„
1527 2978 1596 3024 ΙΙΙ,
1615 2986 1683 3023 527
1703 2983 1744 3014 et
1761 2990 1844 3025 seq.
1867 2970 1871 2975 ⁶

366 3037 380 3058 ²
431 3035 532 3071 Vide
550 3034 649 3071 Cod.
672 3044 729 3081 14.

363 3096 377 3117 ³
427 3095 486 3131 Ex
513 3096 678 3143 epistola
701 3095 746 3130 P.
771 3095 1033 3132 Rivadeneira
1058 3097 1106 3132 ad
1130 3108 1247 3145 supra
1277 3096 1477 3133 laudatum
1507 3097 1692 3134 comitem
1722 3097 1771 3134 de
1803 3097 1930 3145 Feria,
