2066 3536
12 3039 15 3046 ,
0 2904 13 3007 *uz-zv?
0 2821 7 2875 -1-
4 2791 6 2794 ψ

729 305 919 346 Centone
942 307 989 345 P.
1016 305 1169 345 Nam
1677 315 1779 351 κως

127 413 175 458 in
202 412 408 472 collegiis
435 419 482 457 et
508 411 718 456 domibus
745 409 988 456 Societatis
1015 409 1238 468 degentes
1271 409 1493 454 rationem
1528 411 1779 456 reddebant

129 492 253 537 Patri
275 491 438 545 Nadal,
462 489 676 545 nominis,
700 488 889 547 patriae,
914 487 1151 546 ingressus
1172 487 1220 531 in
1242 487 1536 542 Societatem,
1561 489 1777 533 aliorum—

126 584 217 628 que
237 568 509 614 istiusmodi.
534 569 756 626 Spectant
777 566 836 611 ad
856 581 1002 610 annos
1029 566 1159 622 1561,
1190 566 1319 621 1562,
1352 566 1463 622 1566
1485 573 1532 611 et
1560 568 1687 623 1568.

813 691 999 733 Codex
1027 690 1094 732 1¹2

215 805 352 849 Ratio
372 803 619 848 vocationis
647 802 881 846 Societatis
902 800 1168 860 sesa—Ex
1200 800 1482 845 bibliotheca
1508 800 1638 858 regia
1664 802 1775 846 bru—

124 882 336 937 xellensi,
375 898 423 926 n.
465 882 550 926 218
555 880 857 940 5-9.—Ratio
884 880 1133 922 vocationis
1160 885 1231 923 est
1256 879 1399 923 breve
1426 879 1699 936 opusculum
1729 879 1777 923 in

123 963 206 1017 4⁰,
231 961 566 1018 apographum,
592 958 716 1015 quod
737 957 856 1001 inter
876 956 963 1001 alia
983 956 1208 1014 reperitur
1229 956 1278 1000 in
1299 957 1403 1002 cod.
1428 956 1693 1001 membrana
1720 957 1777 1000 li-

123 1046 250 1097 gato,
275 1038 351 1083 cui
372 1036 426 1081 'in
454 1038 590 1082 dorso
617 1036 694 1080 hic
725 1035 908 1079 titulus:
948 1036 1037 1078 «E»
1078 1034 1244 1079 «Varia
1280 1034 1558 1092 spiritualia»
1569 1034 1779 1080 .-1nitio

121 1115 384 1171 voluminis,
408 1130 516 1173 pag.
554 1127 663 1169 1-14
690 1112 951 1158 continetur
971 1114 1060 1157 hoc
1082 1113 1374 1170 opusculum,
1399 1127 1482 1157 seu
1509 1113 1666 1170 potius
1693 1114 1774 1158 ad—

122 1193 336 1248 hortatio,
363 1192 513 1238 Patris
534 1192 698 1245 Nadal,
723 1191 810 1236 sub
831 1192 921 1235 hoc
942 1190 1092 1235 titulo:
1118 1189 1279 1235 «Ratio
1293 1189 1550 1236 vocationis
1566 1190 1774 1237 Societa-

121 1271 180 1316 tis
194 1273 304 1330 Jesv
331 1270 339 1330 Ι
366 1286 447 1328 per
469 1272 523 1315 P.
549 1269 869 1314 Hieronimum
891 1268 1101 1313 Natalem
1128 1266 1136 1327 Ι
1162 1267 1211 1311 in
1231 1268 1416 1313 nomine
1431 1268 1540 1313 Dni.
1560 1268 1646 1313 nri.
1661 1271 1773 1328 Jesu

120 1349 278 1394 Chri.»
314 1348 499 1406 Incipit:
538 1346 808 1392 «Rationem
834 1345 1087 1391 vocationis
1114 1346 1178 1390 ita
1204 1346 1451 1404 explicant,
1486 1347 1616 1404 quasi
1648 1347 1773 1393 dicas

117 1441 218 1471 esse
239 1426 506 1473 charitatem
529 1425 843 1483 quandam...»
869 1426 906 1469 F
908 1423 1050 1468 initur
1065 1423 1368 1481 explicatione
1389 1425 1526 1469 trium
1543 1426 1770 1483 graduum

115 1504 372 1558 Societatis,
397 1504 705 1562 professorum
727 1517 814 1558 sc.,
839 1502 1175 1559 coadjutorum,
1195 1509 1242 1546 et
1262 1502 1663 1548 scholasticorum:
1684 1503 1771 1549 tria

114 1581 163 1626 in
183 1581 378 1640 singulis
393 1581 612 1640 gradibus
628 1581 946 1638 explanantur:
973 1592 990 1624 1
1002 1591 1105 1634 ,um‚
1126 1579 1237 1636 quid
1253 1579 1312 1624 sit
1327 1579 1404 1625 ille
1419 1581 1608 1638 gradus.
1631 1593 1764 1636 zum,
1810 1601 1813 1607 .

112 1659 222 1717 quid
243 1659 499 1716 requiratur
519 1659 567 1703 in
583 1659 656 1713 iis,
675 1658 754 1716 qui
771 1658 849 1703 tali
866 1658 1014 1716 gradu
1029 1657 1358 1716 insigniuntur.
1381 1670 1518 1715 3.um,
1539 1674 1765 1719 quaenam

113 1737 224 1795 ipsis
252 1738 473 1782 cavenda.

201 1817 253 1860 In
273 1816 365 1860 hoc
387 1821 586 1861 tractatu
607 1812 790 1859 disserit
809 1814 867 1858 de
887 1813 958 1868 iis,
984 1828 1103 1870 quae
1124 1813 1378 1872 genuinum
1405 1814 1649 1859 Societatis
1670 1815 1758 1873 spi-

111 1892 250 1938 ritum
276 1892 558 1938 constituere
583 1891 814 1947 videntur,
844 1906 910 1936 sc.
941 1892 999 1936 de
1027 1891 1189 1949 spiritu
1218 1891 1469 1946 charitatis,
1500 1893 1558 1937 de
1591 1892 1764 1941 Christi

109 1969 381 2024 imitatione,
405 1971 463 2014 de
483 1969 660 2014 ratione
680 1969 970 2027 gubernandi
988 1968 1164 2014 fortiter
1179 1975 1226 2014 et
1241 1968 1458 2023 suaviter,
1479 1970 1536 2015 de
1552 1970 1759 2014 laborum

110 2047 367 2102 tolerantia,
386 2049 444 2092 de
459 2046 721 2092 ministeriis
736 2053 895 2091 nostro
912 2046 1122 2091 instituto
1138 2047 1508 2102 accommodatis,
1528 2048 1587 2093 de
1602 2049 1761 2093 obsera

109 2125 265 2170 vantia
286 2140 398 2183 erga
419 2125 573 2170 sedem
596 2123 907 2182 apostolicam,
932 2131 1022 2168 etc.

199 2205 302 2248 Hoc
323 2203 422 2260 ipso
443 2203 492 2246 in
513 2202 686 2257 codice,
711 2217 818 2260 pag.
839 2213 895 2258 45
914 2209 960 2247 et
977 2217 1124 2259 seqq,
1144 2209 1212 2247 est
1231 2205 1547 2261 apographum
1564 2205 1758 2249 alterum

108 2281 262 2326 brevis
282 2281 404 2326 illius
425 2288 663 2334 tractatus,
689 2280 764 2325 cui
787 2280 971 2324 titulus:
1001 2280 1263 2325 «Orationis
1285 2281 1676 2337 observationes»,
1701 2284 1759 2328 de

112 2374 204 2416 quo
226 2374 380 2416 supra,
405 2358 453 2404 in
474 2359 575 2403 cod.
603 2359 644 2402 8.
671 2360 776 2403 Hoc
797 2365 951 2403 autem
980 2365 1316 2416 transumptum
1339 2360 1484 2403 multo
1506 2367 1610 2417 post
1630 2360 1758 2404 illum

109 2436 328 2494 scriptum
352 2436 491 2481 fuisse
512 2443 693 2480 constat
714 2451 771 2480 ex
790 2438 878 2480 hac
899 2435 1194 2493 inscriptione
1214 2435 1345 2481 initio
1366 2437 1532 2494 posita,
1551 2453 1658 2495 pag.
1679 2449 1754 2494 45:

114 2515 258 2560 «IHS.
289 2513 297 2573 Ι
325 2516 458 2571 Quae
478 2521 734 2570 sequuntur
750 2513 926 2558 extraxi
942 2528 999 2557 ex
1014 2512 1131 2557 libro
1146 2514 1459 2572 manuscripto
1487 2514 1496 2574 Ι
1521 2531 1548 2560 a
1566 2518 1619 2559 Ρ.
1640 2515 1755 2559 Hie—

109 2591 286 2635 ronimo
307 2591 476 2644 Natali,
496 2590 732 2648 inscripto:
753 2590 971 2634 orationis
987 2590 1627 2637 obseruationes—Habebat
1649 2608 1752 2637 eum

110 2669 164 2714 R.
192 2671 246 2713 P.
271 2670 330 2713 N.
357 2668 576 2713 Claudius
604 2668 610 2727 Ι
638 2668 686 2712 in
712 2668 970 2712 cubiculo.»
1003 2669 1072 2711 Ex
1098 2667 1170 2711 his
1197 2668 1350 2713 verbis
1377 2677 1565 2727 apparet
1592 2685 1753 2726 quem-

107 2745 211 2790 dam
232 2761 259 2790 e
280 2746 509 2792 Societate
530 2745 579 2790 in
598 2747 687 2790 hoc
708 2745 866 2790 codice
887 2745 1127 2803 collegisse
1147 2746 1294 2803 plura,
1319 2761 1438 2803 quae
1458 2747 1521 2790 ibi
1543 2749 1601 2792 de
1617 2747 1755 2791 variis

106 2824 243 2868 rebus
264 2830 311 2868 et
332 2824 614 2882 temporibus
636 2823 878 2870 Societatis
900 2823 1204 2882 reperiuntur.

287 3216 402 3250 Emsr.
422 3218 461 3251 Ρ.
481 3218 617 3257 Nason,
637 3228 714 3251 rou.
734 3219 761 3251 1.
1547 3231 1568 3255 ι)
