2020 3464
802 266 823 294 2
850 258 1020 296 Annius
1050 259 1139 306 1562
1724 258 1794 308 677

470 585 542 629 P.
593 585 1146 630 HIERONYMUS
1193 585 1475 630 NADAL

573 690 734 726 PATRI
762 690 1050 730 ALPHONSO
1082 690 1371 729 SALMERON

523 788 938 845 Caesaraugustae,
980 800 1005 832 2
1044 787 1214 845 Aprilis
1257 787 1367 844 1562
1395 789 1419 832 ¹.

117 895 121 899 ’
147 902 179 929 1.
210 892 271 928 De
290 894 340 929 P.
359 894 508 930 Araoz:
526 907 603 942 quo
621 897 742 943 pacto
760 907 851 931 cum
874 896 960 943 ipso
983 896 1189 943 agendum
1216 897 1254 931 et
1280 895 1328 931 de
1347 896 1432 943 ipso
1458 895 1712 931 scribendum
1737 895 1795 931 vi-

216 953 379 989 deatur:
396 955 445 990 de
463 954 631 1003 collegio
655 967 826 991 romano
848 956 1212 991 sustentanda—2.
1238 955 1300 991 De
1326 958 1458 991 matre
1480 955 1622 991 Patris
1643 955 1796 991 Salme-

218 1023 395 1059 rom—3.
410 1013 472 1050 De
486 1013 772 1062 christophoro
790 1015 1044 1060 Lainez.—4.
1059 1015 1237 1062 Exoptat
1251 1015 1302 1050 P.
1312 1013 1450 1050 Nadal
1458 1018 1504 1050 ut
1520 1015 1568 1050 P.
1580 1015 1795 1051 Salmeron

214 1073 382 1109 concilio
398 1074 621 1110 tridentino
641 1074 904 1119 intersit.—5.
923 1075 1080 1110 Iterum
1098 1075 1366 1122 prudentiam
1390 1075 1643 1110 commendat
1659 1074 1704 1110 in
1728 1087 1795 1110 ra-

216 1132 324 1169 tione
345 1134 498 1182 agendi
521 1146 612 1170 cum
637 1134 684 1170 P.
717 1134 957 1170 Araoz.—-6.
984 1134 1102 1180 Quae
1126 1135 1174 1170 de
1195 1134 1311 1170 rebus
1333 1134 1383 1170 ab
1400 1135 1486 1182 ipso
1511 1135 1560 1170 P.
1588 1134 1727 1170 Nadal
1748 1135 1794 1170 in

217 1192 424 1240 Hispania
440 1195 604 1230 statutis
628 1196 682 1230 ad
700 1196 750 1230 P.
777 1195 992 1231 Salmeron
1012 1194 1334 1241 perscribantur,
1354 1206 1444 1230 cum
1464 1195 1591 1231 Patre
1604 1195 1796 1242 generali

217 1254 565 1290 communicentur
582 1257 747 1302 oportet.
760 1265 835 1301 —7.
854 1255 917 1291 De
934 1255 1108 1302 quodam
1127 1255 1267 1297 Patre,
1282 1255 1354 1301 qui
1366 1257 1583 1301 antequam
1599 1255 1654 1290 ad
1667 1255 1795 1290 Socie-

218 1315 341 1349 tatem
360 1314 659 1357 admitteretur,
680 1315 724 1350 in
744 1315 986 1364 religionem
1011 1315 1052 1351 S.
1069 1314 1248 1362 Joannis
1269 1316 1450 1362 receptus
1459 1313 1657 1362 fuerat.—
1673 1314 1711 1350 8.
1732 1315 1793 1351 De

218 1373 457 1422 quibusdam
475 1375 649 1423 negotiis
664 1375 719 1412 ad
736 1375 909 1423 collegia
929 1374 1136 1423 Compluti
1151 1377 1189 1411 et
1206 1374 1403 1423 Sego-viae
1424 1371 1709 1422 spectantibus.

971 1459 994 1494 †

238 1535 350 1590 Muy
372 1533 488 1577 Rdo.
516 1533 665 1578 Padre
685 1536 776 1577 mio
793 1547 851 1578 en
873 1533 961 1576 X.0

239 1612 338 1655 Pax
358 1609 432 1655 Χ.ἰ

241 1702 278 1734 1.
344 1690 435 1733 Por
456 1689 500 1733 la
521 1692 734 1734 commun
756 1689 771 1710 ²
794 1703 824 1746 y
846 1689 890 1732 la
919 1702 1010 1745 que
1037 1687 1190 1732 scriuo
1218 1686 1464 1745 particular
1491 1687 1534 1731 al
1565 1690 1618 1732 P.
1644 1689 1789 1732 Fran-

146 1767 268 1811 cisco
290 1768 306 1789 ⁵
329 1770 438 1811 vera
458 1768 516 1811 V.
543 1768 597 1811 R.
623 1767 667 1810 lo
688 1766 747 1812 de
763 1781 845 1823 por
865 1769 962 1810 aca:
987 1780 1047 1809 no
1068 1772 1190 1810 resta
1206 1764 1335 1822 quasi
1357 1772 1456 1809 otra
1473 1780 1579 1809 cosa
1600 1779 1691 1821 que
1706 1766 1789 1811 de-

146 1844 227 1899 zir‚
251 1860 282 1902 y
303 1859 408 1890 crea
429 1847 486 1889 V.
515 1847 568 1889 R.
595 1859 685 1902 que
707 1852 911 1890 tenemos
932 1845 1055 1888 buen
1076 1845 1294 1895 hermano
1317 1859 1373 1888 en
1396 1844 1438 1888 el
1459 1845 1541 1887 Dr.
1567 1844 1734 1896 Araoz,
1759 1859 1790 1900 y

145 1937 235 1979 que
255 1925 314 1966 ha
331 1923 508 1967 andado
531 1937 641 1980 muy
667 1922 774 1967 bien
801 1937 860 1967 en
882 1923 1004 1974 todo,
1037 1937 1068 1978 y
1095 1937 1168 1975 va,
1192 1937 1223 1978 y
1249 1937 1311 1965 no
1339 1922 1464 1965 dudo
1492 1920 1591 1965 sino
1613 1935 1702 1977 que
1723 1920 1789 1965 ira

143 2000 338 2058 siempre
358 2015 445 2044 con
466 2001 509 2044 la
531 1999 686 2057 gracia
717 1999 791 2044 del
819 2000 966 2044 Sefior
992 2013 1123 2043 como
1145 1999 1278 2052 deue,
1304 2014 1334 2055 y
1365 2005 1573 2043 nosotros
1604 1999 1786 2042 (163563-

144 2094 242 2123 mos
265 2079 298 2132 ⁴3
322 2094 352 2135 y
373 2085 472 2123 esta
492 2079 728 2134 confianca
749 2092 810 2121 no
827 2078 925 2121 solo
942 2091 992 2120 se
1008 2078 1067 2120 ha
1084 2078 1142 2122 de
1159 2084 1287 2122 tener
1303 2077 1392 2129 del,
1414 2092 1510 2120 mas
1532 2090 1582 2120 se
1598 2077 1640 2119 le
1655 2078 1715 2120 ha
1730 2077 1788 2121 de

142 2163 350 2212 mostrar,
375 2172 405 2213 y
426 2171 487 2200 no
508 2155 731 2213 permittit
753 2169 842 2212 que
863 2170 971 2199 cosa
991 2170 1042 2200 se
1063 2154 1214 2199 scriua
1242 2169 1332 2211 que.
1359 2170 1418 2198 no
1439 2169 1583 2199 suene
1604 2161 1719 2198 esto.
1745 2156 1786 2198 Y

141 2249 245 2278 crea
266 2236 324 2279 V.
350 2236 405 2279 R.
432 2248 521 2290 que
550 2233 661 2278 Dios
684 2235 743 2278 ha
774 2232 874 2277 sido
907 2232 1230 2290 specialmente
1261 2247 1351 2276 con
1374 2239 1585 2276 nosotros
1608 2247 1664 2277 en
1688 2238 1787 2276 este

142 2303 351 2370 negocio,
376 2327 406 2369 y
434 2326 484 2356 se
512 2313 570 2355 ha
598 2310 795 2355 aclarido
824 2311 839 2333 ⁵
868 2311 912 2353 lo
940 2324 1030 2366 que
1051 2324 1128 2354 era
1155 2309 1299 2353 dificil
1320 2310 1378 2355 de
1407 2317 1505 2353 otra
1528 2324 1713 2353 manera
1735 2324 1786 2354 se

144 2390 303 2435 aclarir
331 2392 371 2444 ⁶3
396 2389 582 2434 bendito
609 2388 722 2433 Dios
749 2394 936 2432 nuestro
958 2389 1119 2433 Sefior.
1147 2390 1247 2432 Mas
1274 2387 1402 2440 mire,
1430 2388 1593 2439 Padre,
1625 2401 1714 2443 que
1736 2401 1786 2429 es

143 2474 369 2514 menester
390 2470 525 2512 hazer
546 2465 783 2524 diligentia
805 2480 862 2509 en
885 2480 1010 2509 essas
1031 2471 1182 2522 partes
1198 2480 1280 2522 por
1295 2466 1340 2509 la
1353 2464 1584 2522 prouision
1606 2465 1664 2508 de
1685 2479 1786 2508 esse

217 2627 227 2648 ¹
279 2625 338 2660 Ex
357 2624 612 2671 autographo,
629 2621 668 2658 in
682 2622 813 2670 Epist.
830 2621 986 2663 Natat„
1004 2621 1058 2663 H,
1079 2619 1226 2668 duplici
1239 2620 1323 2667 fol.,
1342 2620 1388 2667 93
1411 2619 1511 2665 (332,
1530 2619 1629 2666 333).
1650 2621 1695 2656 In
1709 2620 1787 2656 ima

140 2697 208 2721 ora
224 2684 371 2732 primae
389 2683 571 2731 paginae,
589 2682 712 2730 ipsius
727 2681 850 2717 Nadal
870 2693 987 2717 manu
1005 2685 1164 2717 exarata
1180 2680 1256 2717 fuit
1272 2682 1370 2716 haec
1387 2680 1603 2727 inscriptio:
1627 2681 1675 2715 P.
1697 2681 1786 2716 Sal-

142 2757 298 2789 meron;
315 2755 420 2780 nunc
436 2747 584 2790 autem,
602 2754 703 2790 pene
728 2743 936 2789 absumpta
958 2741 1106 2785 charta,
1134 2752 1222 2788 pars
1246 2745 1398 2777 tantum
1423 2740 1566 2787 exigua
1589 2740 1705 2787 hujus
1728 2740 1785 2776 in-

141 2803 365 2852 scriptionis
378 2808 568 2840 remanet.

211 2867 226 2888 ²
276 2865 373 2900 Eam
391 2862 663 2898 existimamus
682 2873 786 2908 esse,
803 2873 920 2909 quam
935 2872 1067 2908 supra,
1086 2873 1125 2897 n.
1150 2860 1230 2906 185,
1249 2860 1444 2897 dedimus.

213 2925 228 2946 ³
278 2924 391 2959 Hanc
408 2921 572 2970 periisse
590 2921 876 2958 existimamus.

215 2986 230 3007 ⁴
279 2982 382 3019 Vide
399 2993 460 3027 ea,
476 2993 576 3030 quae
595 2981 643 3018 ad
656 2982 776 3018 finem
794 2980 947 3021 numeri
960 2991 983 3028 9
996 2980 1186 3030 epistolae
1199 2979 1473 3029 praecedentis
1492 2978 1781 3027 annotavimus.

217 3046 232 3068 ⁵
282 3043 362 3090 Sic,
381 3055 450 3091 pro
466 3043 675 3080 aclarado.
1027 3032 1030 3036 ’
1202 3037 1207 3040 ”

218 3107 234 3129 ⁶
282 3104 363 3154 Sic,
386 3115 457 3163 pro
473 3103 654 3150 aclarar,
