2046 3510
643 302 899 342 Pnoommm
923 311 1039 340 Pium
1064 308 1292 340 vommms
1696 310 1794 343 ant

149 406 293 464 togal,
318 421 408 463 que
424 421 482 451 en
504 406 692 451 Castilla
713 421 763 451 se
783 405 1113 450 marauillauan
1134 400 1207 449 los
1223 412 1451 459 nuestros,
1476 421 1507 462 y
1528 420 1621 450 uno
1648 406 1706 450 de
1725 406 1794 450 los

147 484 362 542 antiguos
383 499 442 528 en
462 485 507 528 la
528 486 781 541 Compafiia
801 499 875 529 me
895 484 1016 528 dixo:
1046 498 1133 527 «no
1155 490 1297 540 tengo
1317 497 1538 541 speranca
1559 483 1659 527 sino
1689 499 1796 541 por-

149 576 237 619 que
259 563 316 607 V.
343 563 397 606 R.
423 562 466 606 la
488 562 654 617 tiene»;
681 561 948 607 teniendose
968 561 1036 606 las
1057 576 1188 605 cosas
1208 575 1292 618 por
1312 560 1407 604 mui
1424 560 1616 606 dificiles
1638 558 1671 605 '¹.
1684 579 1700 601 »

238 640 384 684 Multa
399 639 586 697 insuper
601 641 659 685 de
675 640 878 684 secunda
894 639 933 696 ej
940 654 994 683 us
1008 638 1286 694 visitatione,
1305 653 1426 682 anno
1450 639 1577 694 1561,
1597 638 1644 682 in
1661 640 1795 684 Lusi-

149 716 299 762 taniae
339 717 588 774 provincia,
633 718 682 762 in
718 717 921 775 epistolis
957 716 1078 760 illius
1115 716 1223 760 anni
1259 715 1555 773 reperientur.
1600 718 1797 761 Fructus

147 801 300 839 autem
331 795 603 840 laetissimos
640 795 703 839 ibi
731 795 948 839 collectos
978 793 1106 839 hisce
1133 792 1284 838 verbis
1310 793 1408 851 ipse
1444 793 1607 848 Nadal,
1638 793 1712 838 die
1741 806 1797 850 27

149 872 380 927 Octobris,
421 874 479 917 ad
508 875 562 918 P.
595 873 765 919 Lainez
801 871 1134 917 conscribebat:
1175 873 1320 928 «Voy,
1353 872 1517 925 Padre‚
1548 886 1659 929 muy
1686 887 1799 916 con-

148 957 275 995 tento
310 966 341 1008 y
370 952 618 996 consolado
655 952 785 996 desta
811 949 1061 1008 provincia,
1100 949 1249 1008 gloria
1275 950 1317 993 al
1345 951 1509 1004 Sefior,
1545 953 1610 994 asi
1647 965 1730 1007 por
1756 950 1800 994 la

149 1029 431 1086 promptitud
451 1044 541 1086 que
561 1031 621 1074 he
642 1030 822 1074 hallado
846 1043 905 1074 en
925 1029 994 1072 los
1015 1028 1288 1085 superiores,
1314 1042 1445 1072 como
1465 1042 1549 1086 por
1570 1028 1613 1073 el
1639 1028 1801 1073 desseo

137 1107 206 1151 de
228 1106 428 1151 caminar
449 1111 476 1151 a
496 1108 541 1151 la
561 1106 874 1165 perfeccion...
901 1120 991 1163 que
1012 1120 1071 1150 en
1093 1106 1226 1149 todos
1248 1120 1298 1149 se
1318 1120 1448 1150 vee.»

239 1186 289 1228 In
319 1185 522 1242 epistolis
550 1185 657 1229 anni
691 1195 948 1241 1553—1554
975 1191 1177 1241 apparet,
1207 1183 1326 1228 inter
1353 1183 1456 1238 alia,
1488 1198 1664 1229 summa
1690 1199 1801 1242 pru-

153 1261 308 1306 dentia
340 1263 490 1326 Patris
511 1264 659 1308 Nadal
679 1262 726 1307 in
748 1263 930 1320 agendo
952 1276 1057 1306 cum
1085 1260 1430 1318 inquisitoribus
1458 1263 1733 1308 HISPANIAE
1754 1263 1801 1307 in

151 1339 340 1396 negotio
376 1340 485 1384 Dni.
518 1340 682 1385 Didaci
718 1341 776 1384 de
804 1341 1017 1385 Guzman
1044 1346 1091 1384 et
1126 1339 1339 1383 Doctoris
1368 1340 1552 1394 Loarte,
1589 1339 1637 1384 in
1664 1341 1802 1385 rebus

153 1419 206 1461 P.
232 1416 430 1462 Simonis
459 1417 639 1462 fortiter
659 1418 794 1462 simul
815 1425 861 1462 et
882 1417 1082 1461 suaviter
1104 1417 1426 1475 transigendis,
1456 1417 1502 1461 in
1524 1419 1645 1462 Dno.
1672 1419 1801 1462 Hen-

151 1494 246 1538 rico
267 1495 324 1538 de
345 1495 390 1539 la
412 1496 571 1540 Cueva
587 1503 633 1539 et
653 1497 774 1540 Dno.
802 1494 1057 1539 Theotonio
1078 1497 1179 1539 Deo
1194 1501 1241 1539 et
1256 1494 1474 1540 Societati
1489 1495 1800 1549 conciliandis,

149 1571 196 1615 in
212 1571 421 1616 libertate
438 1579 483 1616 et
499 1572 774 1618 auctoritate
790 1572 956 1630 Ignatii
973 1571 1247 1616 vindicanda
1264 1587 1346 1629 pro
1362 1558 1584 1618 electione
1602 1573 1802 1618 Patriar-

151 1650 264 1693 chae
301 1650 491 1707 ejusque
528 1650 778 1704 sociorum,
818 1650 865 1694 in
902 1649 1118 1707 principis
1162 1649 1361 1707 Philippi
1401 1650 1549 1707 gratia
1585 1651 1803 1697 Societati

149 1728 469 1784 comparanda,
496 1727 544 1771 in
571 1728 868 1786 collegiorum
895 1727 1255 1781 barcinonensis,
1287 1727 1523 1783 valentini,
1549 1729 1798 1783 eborensis,

150 1804 524 1862 ulyssiponensis,
550 1805 851 1850 cordubensis
879 1812 967 1850 etc.
996 1805 1263 1849 fundatione
1284 1804 1455 1863 optime
1475 1807 1798 1862 promovenda.

241 1883 334 1928 Sed
356 1882 594 1928 veniamus
609 1883 704 1940 jam
722 1884 780 1927 ad
796 1897 870 1928 res
886 1885 1200 1936 GERMANIAE,
1221 1884 1278 1927 ad
1294 1898 1408 1940 quas
1424 1883 1580 1927 divino
1602 1884 1802 1940 quodam

150 1961 307 2004 afflatu
329 1975 437 2018 prae
458 1960 558 2005 aliis
580 1961 688 2006 ferri
708 1962 835 2006 visus
852 1969 923 2006 est
946 1964 999 2006 P.
1025 1962 1172 2006 Nadal
1187 1961 1283 2018 jam
1301 1962 1357 2006 ab
1380 1960 1520 2005 initiis
1536 1976 1648 2006 suae
1663 1976 1802 2006 voca-

153 2037 303 2081 tionis.
334 2039 405 2081 En
433 2040 653 2084 nonnulla
680 2054 736 2084 ex
767 2039 1082 2097 frequentibus
1109 2039 1504 2093 illustrationibus,
1536 2039 1622 2096 ipsi
1650 2054 1677 2083 a
1703 2041 1804 2084 Deo

151 2114 199 2159 in
219 2115 424 2160 oratione
444 2116 672 2171 immissis,
699 2132 813 2174 quas
834 2132 891 2161 ex
913 2119 973 2161 P.
1001 2117 1187 2161 Natalis
1208 2118 1435 2173 opusculis
1458 2117 1799 2161 transumimus.

240 2195 356 2251 Pag.
395 2195 609 2250 116-117.
645 2196 848 2239 «Orabat
875 2195 1060 2251 quidam
1083 2195 1098 2216 ²
1140 2196 1219 2252 [sc.
1255 2194 1418 2254 Nadal]
1452 2195 1510 2238 ad
1541 2194 1802 2239 interiorem

149 2269 322 2314 aditum
349 2271 459 2318 Diui
487 2272 722 2316 Laurentii
750 2280 880 2317 extra
910 2287 1082 2328 muros3
1113 2272 1258 2317 sensit
1284 2279 1436 2317 autem
1470 2272 1802 2330 ingredientem

151 2347 360 2404 spiritum
381 2348 566 2393 Domini
588 2349 636 2393 in
657 2350 966 2395 Germaniam.
993 2352 1119 2395 Ante
1140 2357 1437 2408 conspectum
1453 2365 1563 2394 vero
1584 2349 1683 2394 eius
1714 2350 1803 2393 dif-

153 2425 316 2482 fugere
336 2427 554 2471 demones
582 2428 880 2472 tremebunde
907 2427 1165 2486 dissipatos:
1198 2427 1371 2473 vtinam
1399 2428 1445 2472 id
1472 2434 1628 2472 nostra
1655 2434 1805 2472 aetate

152 2501 434 2547 videamus.»

243 2581 359 2637 Pag.
392 2593 604 2637 143-144.
634 2583 875 2627 «Eundum
901 2582 950 2627 in
976 2582 1287 2638 Germaniam3
1318 2598 1424 2627 nam
1451 2583 1525 2627 vel
1552 2582 1664 2627 nihil
1691 2597 1802 2640 age-

153 2662 243 2710 tur,
268 2663 315 2700 et
335 2658 456 2702 bona
477 2658 562 2702 erit
582 2661 696 2703 haec
717 2660 927 2704 confusio
949 2667 995 2704 et
1014 2659 1286 2715 humiliatio;
1312 2659 1411 2704 siue
1432 2660 1603 2716 aliquid
1620 2666 1798 2717 agetur,

152 2739 199 2776 et
219 2733 366 2790 gloria
387 2735 472 2779 erit
492 2736 596 2790 Dei,
621 2737 695 2780 vel
716 2737 901 2781 omnino
919 2737 1054 2782 faciet
1070 2739 1217 2794 Xpus.
1237 2744 1288 2781 vt
1303 2744 1449 2782 morte
1465 2744 1620 2781 nostra
1636 2737 1801 2781 iuuen-

152 2815 227 2853 tur
246 2811 468 2867 germani,
493 2819 540 2857 et
555 2812 602 2857 id
618 2814 698 2858 fiat
714 2813 761 2857 in
777 2822 1070 2873 peccatorum
1086 2814 1428 2875 poenitentiam:
1456 2814 1567 2859 faxit
1583 2816 1728 2873 Xpus.
1750 2821 1801 2859 vt

153 2901 234 2944 per
255 2888 560 2935 obedientiam
581 2890 762 2936 liceat.»

228 3074 240 3096 ¹
290 3073 392 3110 Vide
410 3075 526 3122 epist.
546 3074 608 3122 60,
626 3087 717 3123 pag.
739 3078 821 3122 194.

226 3134 242 3156 ²
292 3133 382 3180 Ms.,
399 3134 576 3182 quidem,
596 3146 727 3172 errore
744 3136 906 3175 librarii.
