2028 3484
795 285 841 322 30
866 278 1022 322 Mam-'1⁸11
1043 278 1140 331 ’1555
1719 290 1787 337 287

146 385 299 429 mandi
320 387 471 430 alcuni
499 388 692 431 scholari
715 387 920 433 todeschi
948 402 1028 444 per
1050 387 1080 431 il
1101 388 1295 446 collegio
1322 390 1366 432 di
1392 392 1555 443 Roma,
1582 399 1627 435 et
1649 395 1735 438 che
1757 394 1787 436 il

147 462 394 524 medesirno
414 465 562 509 hauea
583 464 818 522 negotiato
834 464 865 508 il
882 466 1012 508 Rmo.
1032 465 1090 509 de
1107 466 1279 510 Trento
1304 467 1334 519 ¹,
1360 467 1476 511 oltra
1497 468 1570 512 del
1592 470 1787 527 collegio

146 540 232 585 che
253 539 300 583 in
323 542 494 586 Trento
514 542 574 585 ha
594 541 825 599 proposito
841 542 886 585 d’
906 542 1015 587 fare.
1044 541 1316 602 Ven[immo]
1343 543 1467 600 dipoi
1490 545 1554 588 fin
1577 560 1667 602 qua
1688 547 1786 591 sani

149 617 255 661 tutti
286 625 355 663 tre
388 620 440 662 P.
473 620 675 676 Laynez,
701 621 819 681 Jona
847 626 894 665 et
920 619 986 673 io,
1017 619 1137 665 (10116
1169 619 1389 664 iunssimo
1417 621 1460 665 13
1486 622 1643 679 vigilia
1670 625 1787 669 della

147 694 493 750 Anuntiatione,
513 703 560 742 et
582 704 651 743 tre
666 697 816 755 giomi
838 697 883 741 fa
899 711 1039 755 seppe
1054 697 1085 740 il
1103 698 1234 741 Rmo.
1254 697 1409 755 legato
1425 700 1511 744 che
1533 714 1649 757 papa
1664 701 1786 759 Julio

145 778 276 816 staua
290 774 342 816 in
363 776 592 829 extremis,
615 782 661 820 et
682 774 795 821 hieri
818 782 945 820 notte
966 774 1004 818 si
1026 789 1165 832 seppe
1181 775 1252 820 del
1271 789 1355 819 suo
1371 776 1577 830 transito,
1597 778 1670 821 cui
1688 778 1787 822 ani-

144 864 217 893 ma
243 849 380 907 riposi
401 851 448 894 in
469 865 596 909 pace.
623 852 790 898 Arnen.
817 853 965 896 Tanto
981 851 1026 895 di
1042 859 1170 897 certo
1191 860 1363 909 quanto
1385 852 1431 896 di
1449 867 1560 898 uero
1576 854 1727 899 animo
1743 857 1787 900 lo

141 926 350 973 desidero
372 935 418 973 et
442 929 562 980 deuo
585 929 862 975 desiderarlo
875 964 885 984 ‚
909 937 955 975 et
977 930 1072 973 cosi
1094 930 1422 986 preparandoci
1441 930 1518 974 noi
1544 946 1623 988 per
1655 940 1788 989 poter

142 1003 222 1048 far’
241 1005 408 1049 alcuno
431 1006 573 1050 frutto
595 1007 662 1051 fra
679 1006 828 1063 questi
845 999 1090 1052 miserabili
1105 1007 1311 1050 huomini
1327 1014 1374 1053 et
1394 1007 1575 1064 decepti
1592 1010 1638 1052 d’
1658 1024 1784 1054 erro—

142 1096 207 1135 re,
226 1089 273 1127 et
287 1083 498 1127 andando
514 1098 596 1141 per
610 1099 824 1142 preparat
840 1084 975 1128 alcun
991 1084 1220 1141 colloquio
1241 1099 1269 1128 0
1289 1085 1471 1142 disputa
1493 1099 1577 1129 con
1601 1086 1632 1129 11
1654 1086 1785 1143 primi

142 1158 411 1215 predicatori
453 1161 498 1205 di
535 1169 696 1218 questa
733 1162 859 1217 citta,
900 1163 949 1206 fu
985 1161 1272 1220 interpellato
1308 1178 1390 1220 per
1430 1163 1473 1207 la
1510 1163 1675 1220 partita
1711 1165 1785 1209 del

142 1238 274 1281 Rmo.
314 1245 470 1282 nostro
497 1239 674 1297 legato,
706 1239 1073 1285 nientedimanco
1109 1239 1157 1283 in
1185 1240 1334 1296 questi
1362 1240 1511 1298 giorni
1540 1241 1784 1285 habbiamo

141 1315 314 1370 parlato
335 1322 382 1360 et
402 1310 635 1373 mangiato
657 1317 1003 1362 familiarmente
1030 1317 1102 1360 col
1134 1318 1265 1362 Rmo.
1297 1310 1572 1363 laubacense
1595 1319 1628 1372 ²,
1654 1325 1701 1363 et
1722 1318 1784 1361 mi

139 1405 248 1448 pare
270 1394 342 1436 ch'
367 1394 393 1437 e
414 1396 493 1437 un’
523 1395 693 1438 huomo
720 1387 989 1447 bonissimo,
1022 1401 1068 1439 et
1095 1408 1182 1438 con
1211 1396 1350 1451 quale*
1373 1402 1420 1440 61
1448 1394 1707 1440 facilmente
1739 1403 1786 1441 61

137 1468 433 1516 liberamente
452 1464 679 1528 possiamo
707 1479 895 1519 trattare
922 1471 1225 1530 qualsiuoglia
1246 1487 1354 1518 cosa
1376 1472 1597 1532 attinente
1620 1467 1666 1518 et
1697 1474 1785 1517 alla

138 1549 422 1607 Compagnia
444 1558 490 1596 et
506 1552 695 1597 seruitio
713 1551 886 1597 diuino.

227 1640 268 1684 3.
335 1628 593 1673 Habbiamo
614 1629 737 1687 dipoi
763 1631 940 1687 parlato
967 1631 1011 1675 31
1041 1633 1094 1675 Ρ.
1127 1632 1265 1675 Petro
1294 1630 1427 1675 Sotto
1462 1631 1496 1685 ⁵,
1520 1631 1783 1676 confessore

135 1705 255 1750 della
281 1699 470 1751 maiesta
500 1720 706 1763 cesarea,
739 1707 771 1750 il
798 1708 932 1765 quale
960 1707 998 1751 si
1026 1708 1053 1752 ὲ
1080 1714 1254 1766 116111110
1282 1708 1419 1751 etiam
1457 1707 1631 1752 uisitar’
1665 1709 1785 1753 nella

135 1776 290 1827 nostra
306 1777 482 1828 'stanza.
509 1784 768 1829 Habbiamo
791 1791 971 1829 trouato
991 1785 1102 1843 ogni
1123 1774 1381 1838 humanita,
1413 1786 1554 1829 bonta
1581 1792 1627 1830 et
1657 1786 1782 1829 buon

136 1859 285 1904 animo
307 1875 441 1906 uerso
462 1861 508 1904 di
529 1861 621 1906 noi.
649 1862 953 1907 Habbiamolo
973 1863 1231 1907 consultato
1258 1862 1364 1908 delli
1393 1862 1535 1908 mezzi
1557 1864 1643 1908 che
1674 1878 1782 1920 pare

135 1951 219 1981 sua
241 1939 476 1984 Paternita
496 1939 534 1983 si
555 1939 739 1997 possino
762 1955 895 2002 usare
915 1955 1003 1985 con
1026 1930 1188 1997 questa
1209 1940 1394 1986 natione
1416 1941 1449 1984 ⁴.
1477 1940 1527 1986 Si
1555 1942 1614 1986 ha
1641 1942 1782 1985 molto

135 2015 385 2060 consolato.
427 2018 465 2060 E
492 2017 660 2074 partito
687 2017 914 2062 chiamato
941 2019 1015 2062 dal
1043 2033 1093 2064 re
1119 2018 1238 2064 della
1264 2019 1538 2076 Inglaterra‚
1570 2026 1616 2064 et
1642 2020 1701 2062 ha
1733 2019 1777 2061 d’

132 2095 302 2149 passar’
328 2108 355 2137 a
376 2094 572 2138 Fiandra
593 2102 640 2140 et
661 2095 810 2152 parlar
831 2110 918 2139 con
941 2110 1024 2140 sua
1051 2097 1225 2141 maesta
1251 2110 1457 2141 cesarea:
1488 2095 1591 2140 haci
1619 2097 1780 2140 offerto

131 2169 178 2212 di
198 2173 430 2227 procurar’
454 2178 502 2217 et
522 2171 697 2218 aiutare
718 2173 762 2217 la
783 2173 1051 2218 fundatione
1092 2174 1183 2218 dell
1204 2173 1401 2230 collegio
1422 2179 1579 2217 nostro
1611 2172 1656 2216 di
1688 2174 1779 2216 Lo-

133 2247 285 2291 uanio.
311 2249 387 2292 Ha
408 2249 548 2293 molto
570 2256 616 2294 et
638 2264 791 2295 amore
814 2257 860 2295 et
881 2249 1215 2296 existimatione
1236 2251 1311 2295 del
1329 2253 1382 2294 P.
1403 2252 1461 2294 D.
1490 2249 1657 2294 Olauio
1681 2251 1712 2303 ⁵,
1733 2256 1780 2294 et

206 2398 217 2418 ¹
268 2395 572 2445 Christophorus
602 2397 821 2445 Madrucci,
852 2398 903 2435 de
931 2410 1009 2446 quo
1038 2398 1129 2435 vide
1159 2399 1364 2436 POLANCO
1378 2428 1387 2446 ‚
1414 2398 1581 2440 chron„
1607 2397 1663 2444 V,
1694 2396 1779 2444 263,

136 2461 269 2492 annot.
290 2465 325 2492 2.
1478 2455 1480 2457 ’
1782 2496 1784 2498 ,

204 2518 219 2538 ²
269 2516 453 2553 Urbanus
470 2517 619 2554 Textor
635 2518 830 2562 (Weber),
851 2517 902 2553 de
919 2528 996 2565 quo
1014 2518 1172 2565 saepius
1190 2517 1234 2554 fit
1252 2517 1400 2554 mentio
1423 2518 1463 2553 in
1491 2516 1688 2570 Chronico
1706 2516 1777 2551 Ρ3-

136 2573 206 2611 tris
223 2575 443 2612 POLAnco.
1440 2609 1443 2613 Δ

201 2635 217 2656 ³
266 2634 346 2679 Sic,
366 2647 435 2682 pro
454 2636 561 2672 Soto.
581 2637 642 2672 De
659 2636 734 2672 hoc
753 2635 915 2682 egregio
934 2636 1018 2672 viro
1035 2635 1085 2674 O.
1105 2635 1150 2672 P.
1170 2635 1261 2672 'vide
1276 2637 1498 2682 POLANCO,
1519 2634 1685 2676 Chron„
1705 2633 1775 2677 IV,

132 2692 203 2729 283
222 2699 263 2730 et
286 2694 370 2740 284.

202 2755 217 2775 ⁴
266 2754 310 2789 In
329 2755 447 2790 rebus
466 2754 703 2792 Germaniae
721 2754 930 2791 admodum
949 2759 1149 2791 versatum
1167 2754 1292 2792 fuisse
1310 2756 1354 2792 P.
1374 2755 1470 2791 Soto
1488 2759 1611 2801 patet,
1630 2759 1712 2788 tum
1727 2764 1775 2788 ex

127 2812 213 2860 ejus
237 2813 364 2860 libriS‚
382 2826 547 2862 quorum
570 2809 792 2862 catalogum
810 2816 933 2851 habes
957 2815 1060 2862 apud
1078 2815 1267 2852 NlcoLAS
1287 2816 1505 2859 ANTONIO,
1531 2813 1776 2849 Bibliotheca

125 2874 299 2920 hispana
319 2886 435 2917 nova,
456 2880 539 2911 tum
557 2875 677 2911 etiam
695 2887 744 2911 ex
763 2875 909 2923 scripto
927 2875 1066 2923 ipsius,
1091 2887 1114 2910 a
1137 2875 1202 2911 W.
1229 2876 1617 2912 MAURENBRECHER
1641 2883 1690 2908 ex
1716 2883 1773 2907 ar-

127 2932 243 2968 chivo
261 2933 569 2981 septimaneensi
587 2935 636 2971 ad
654 2936 782 2971 lucem
807 2935 1005 2982 publicam
1029 2934 1195 2981 educto,
1221 2934 1285 2970 eui
1304 2934 1463 2970 titulus:
1491 2933 1686 2967 «Parecer
1711 2931 1775 2967 del

127 2991 310 3030 eonfesor
339 2995 455 3030 sobre
479 2995 516 3030 la
541 3006 721 3042 empresa
744 2994 793 3030 de
820 2994 1065 3031 Alemania.»
1090 2994 1191 3030 Vide
1216 2995 1582 3038 BRAUNSBERGER,
1617 2991 1776 3027 Canisii

73 3045 77 3049 ’
129 3053 260 3099 epist„
281 3053 312 3100 1,
335 3054 416 3102 162,
436 3059 570 3091 annot.
590 3054 626 3090 8.

201 3114 215 3134 ⁵
266 3114 325 3149 De
344 3114 388 3149 P.
409 3114 576 3151 Martino
594 3114 736 3160 Olave,
756 3114 846 3150 vide
866 3114 1083 3160 POLANCQ
1105 3113 1269 3155 chron„
1290 3113 1339 3160 V,
1360 3113 1442 3158 264,
1462 3107 1594 3147 annot.
1618 3119 1648 3146 1.
