2060 3490
789 251 810 288 5
837 243 1040 289 JANUARn
1070 250 1160 291 1552
1732 248 1745 275 1
1754 248 1807 284 27·

940 485 1020 525 clo

591 596 644 638 P.
682 593 1100 638 HIERONYMUS
1133 593 1355 636 NADAL

499 699 744 738 SANCTo
786 698 1052 737 IGNAT10
1095 700 1173 735 DE
1215 698 1466 737 LOYOLA

593 799 855 850 Messanae,
889 807 913 852 5
937 795 1144 855 Januarii
1179 806 1289 851 1552
1323 797 1352 839 ¹.

146 921 182 946 1.
201 911 260 946 De
266 911 388 958 felici
395 911 511 946 'exitu
516 909 786 957 fundationis
798 910 1062 957 collegii.—2.
1086 908 1257 945 Gratias
1268 921 1390 955 quam
1402 909 1606 944 maximas
1614 909 1807 956 primum

222 970 322 1013 Deo,
346 969 442 1006 dein
459 970 634 1018 proregi
655 972 694 1005 et
707 969 869 1017 joanni
892 969 1036 1005 Osorio
1057 969 1361 1014 habendaS.—3.
1387 969 1449 1004 De
1472 969 1803 1004 universitate.—

221 1039 263 1075 4.
290 1030 352 1065 De
366 1032 586 1078 augmento
599 1030 821 1065 dotationis
833 1029 1096 1076 collegii.—5.
1123 1029 1185 1064 De
1203 1029 1442 1075 quibusdam
1460 1029 1714 1075 eleemosynis
1726 1031 1812 1075 per>

222 1090 565 1138 archiepiscopum
584 1090 822 1137 burgensem
843 1089 1132 1136 procurandis.

960 1173 991 1231 ’ἲ

248 1282 285 1313 1.
352 1269 516 1323 Padre3
541 1269 789 1313 benedetto
810 1268 937 1312 Iddio
965 1275 1123 1312 nostro
1150 1268 1363 1326 Signore,
1393 1269 1438 1312 13
1465 1267 1729 1312 fondatione
1755 1267 1808 1311 di

149 1341 313 1403 questa
333 1361 472 1403 opera
492 1345 530 1390 si
552 1345 759 1390 conclusi
780 1353 826 1389 et
847 1347 1057 1390 contrato
1073 1345 1204 1400 hieri,
1223 1352 1270 1389 et
1290 1345 1329 1389 si
1351 1345 1520 1403 stipulo
1541 1345 1573 1388 il
1594 1352 1813 1389 contrato-

149 1424 209 1468 de
229 1430 358 1480 parte
379 1424 498 1467 della
519 1423 630 1467 citta
650 1431 696 1466 et
723 1422 770 1466 di
792 1430 922 1479 parte
948 1430 1120 1477 nostra,
1151 1422 1255 1466 cuia
1283 1423 1413 1480 copia
1440 1423 1733 1466 mandaremo
1760 1423 1806 1466 13

150 1500 392 1545 settimana
413 1500 650 1557 prossima,
681 1515 769 1544 con
795 1501 827 1543 l'
860 1500 987 1544 Iddio
1014 1500 1178 1558 gratia.
1213 1501 1280 1545 La
1310 1515 1489 1544 summa
1520 1501 1594 1544 del
1626 1507 1747 1544 tutto
1779 1501 1814 1543 e—

149 1585 334 1635 questa:
360 1580 446 1622 che
467 1579 511 1622 13
532 1577 643 1622 citta
663 1579 772 1622 dota
792 1585 1169 1635 perpetuamente
1190 1578 1222 1621 il
1243 1578 1439 1635 collegio
1462 1579 1644 1636 (perche
1661 1578 1757 1621 solo
1774 1577 1805 1620 il

150 1655 348 1713 collegio
368 1670 419 1699 se
442 1656 580 1699 fonda
601 1661 648 1699 et
668 1670 761 1700 non
783 1657 812 1698 l'
837 1654 1087 1699 universita
1108 1669 1190 1712 per
1217 1656 1343 1713 hora)
1372 1657 1430 1700 de
1458 1670 1574 1700 onze
1601 1662 1804 1700 trescen—

151 1740 199 1776 to
221 1733 236 1754 ²
259 1740 307 1777 et
329 1734 470 1776 ultra:
495 1734 643 1777 anche
664 1739 1039 1790 perpetuamente
1066 1733 1187 1777 dona
1212 1732 1328 1776 vinti
1355 1740 1453 1777 otto
1480 1747 1596 1777 onze
1621 1734 1652 1776 l’
1683 1747 1814 1776 annor

152 1818 234 1867 per
251 1811 395 1854 hauer
417 1825 522 1855 casa
542 1811 601 1854 de
621 1810 905 1867 probatione,
931 1824 959 1853 o
980 1810 1110 1863 altra,
1135 1817 1182 1854 et
1202 1811 1323 1854 ultra
1343 1812 1404 1855 ha
1426 1811 1540 1854 fatto
1560 1810 1815 1854 donatione-

153 1887 198 1930 al
218 1887 448 1944 colleggio
469 1888 527 1931 de
555 1894 673 1931 tutte
693 1887 723 1930 l'
749 1888 863 1931 altre
884 1901 1006 1940 case,
1036 1888 1175 1942 scole,
1205 1887 1461 1945 magazeni,
1492 1887 1638 1945 piaze,
1670 1894 1717 1931 et
1747 1887 1814 1931 de*

155 1971 276 2008 tutto
297 1965 448 2020 quello
470 1966 509 2007 s’
533 1966 593 2008 ha
614 1971 848 2021 comprato
870 1971 916 2008 et
943 1964 1156 2008 edificato
1182 1965 1246 2008 fin
1274 1967 1386 2009 hora
1402 1966 1478 2009 nel
1494 1964 1738 2022 colleggio,
1759 1972 1805 2008 et
1883 1970 1885 1972 ’

155 2055 236 2098 per
255 2055 359 2085 esso
380 2041 696 2099 consignando
717 2043 761 2085 13
782 2056 917 2098 sopra
937 2042 1065 2085 detta
1091 2042 1269 2086 rendita
1290 2043 1333 2086 al
1361 2050 1504 2086 rettor
1529 2043 1603 2086 del
1630 2043 1805 2099 colleg-

154 2118 234 2176 gio
256 2120 336 2175 qui
350 2124 444 2175 pro
465 2122 661 2175 tempore
681 2119 851 2177 fuerit,
881 2126 975 2173 etc;
1007 2119 1022 2162 i
1050 2119 1172 2176 quali
1201 2119 1498 2164 liberamente
1525 2135 1664 2163 senza
1691 2120 1806 2163 altra

153 2210 263 2239 cosa
283 2196 327 2239 13
347 2195 503 2253 possin
525 2210 712 2240 receuer
728 2196 839 2254 ogni
857 2211 993 2249 anno,
1013 2203 1122 2251 etc.;
1142 2203 1189 2241 et
1207 2204 1327 2240 tutto
1345 2204 1508 2253 questo
1525 2212 1664 2240 senza
1678 2196 1815 2239 nullo-

156 2273 442 2330 beneplacito
463 2275 522 2317 ne
543 2273 820 2326 conditione,
845 2288 896 2317 se
917 2288 1010 2317 non
1034 2280 1196 2330 questa
1216 2275 1314 2318 sola
1335 2274 1597 2318 conditione
1618 2281 1664 2317 et
1688 2272 1805 2317 obli—

156 2349 344 2407 gatione
364 2357 536 2403 nostra,
561 2352 647 2394 che
668 2350 702 2393 il
723 2350 953 2408 colleggio
975 2350 1042 2394 sia
1063 2351 1267 2408 obligato
1289 2359 1663 2408 perpetuamente
1685 2366 1711 2394 3
1738 2351 1816 2393 far-

157 2428 319 2485 legger
347 2427 514 2484 cinque
541 2427 740 2472 lettioni:
773 2443 865 2472 una
892 2427 940 2471 in
969 2428 1281 2484 grammatica,
1313 2430 1428 2472 altra
1465 2429 1509 2471 in
1549 2427 1801 2480 humanita,

155 2505 272 2548 altra
292 2504 340 2547 in
361 2505 604 2559 rhetorica,
629 2506 744 2549 altra
766 2505 814 2548 in
837 2520 993 2562 greco,
1018 2512 1065 2548 et
1086 2506 1200 2549 altra
1221 2506 1268 2549 in
1290 2507 1484 2560 hebre03
1504 2506 1551 2549 di
1568 2506 1703 2549 modo
1720 2506 1806 2547 che

233 2704 244 2724 ¹
295 2702 355 2737 Ex
372 2702 601 2749 archetypo,
619 2702 660 2738 in
678 2702 809 2749 Epist.
834 2702 990 2744 Natal„
1018 2702 1050 2749 Ι,
1080 2702 1228 2750 duplici
1252 2703 1337 2750 fol„
1364 2702 1386 2738 3
1412 2703 1502 2747 (86).
1532 2704 1616 2738 Hac
1640 2702 1806 2749 epistola

159 2773 253 2797 usus
271 2766 335 2797 est
351 2761 572 2808 POLANCO‚
592 2760 759 2803 chron„
786 2762 837 2808 11,
857 2770 921 2807 551
937 2772 946 2806 ;
972 2774 1022 2797 ex
1046 2773 1170 2809 eaque
1188 2763 1317 2798 Patris
1335 2762 1459 2798 Nadal
1479 2763 1519 2798 in
1537 2763 1655 2797 rebus
1674 2761 1806 2798 Socie-

158 2821 252 2856 tatis
270 2821 476 2856 Messanae
493 2820 772 2868 promovendis
791 2821 998 2867 diligentia
1016 2826 1056 2856 et
1073 2821 1265 2858 industria
1283 2822 1445 2858 mirifice
1469 2821 1810 2857 commendantur.

160 2880 376 2927 Utriusque
394 2880 514 2916 etiam
532 2880 711 2927 Joannis,
729 2880 779 2916 de
794 2881 907 2926 Vega
921 2881 1074 2916 scilicet
1096 2886 1138 2916 et
1160 2880 1317 2928 Osorio,
1342 2883 1540 2929 praeclara
1558 2893 1652 2927 erga
1676 2881 1809 2917 Socie-

161 2944 283 2975 tatem
302 2941 399 2986 Jesu
416 2945 458 2975 et
474 2940 747 2975 mamertinam
760 2940 965 2976 civitatem
979 2940 1132 2986 merita,
1147 2952 1250 2977 nova
1262 2942 1370 2977 hisce
1389 2941 1531 2977 litteris
1550 2942 1636 2976 luce
1651 2940 1818 2988 perfun=

155 2998 319 3034 duntur.
338 2998 584 3045 Subscriptio
603 3003 665 3034 est
682 2999 926 3045 autographa
943 2999 988 3034 Ρ.
1008 2998 1148 3034 Nadal.

233 3060 248 3080 2
299 3057 364 3093 Sc.
383 3058 635 3105 septingenta
651 3062 693 3093 et
708 3057 996 3104 quinquaginta
1013 3062 1125 3093 scuta
1142 3059 1240 3095 auri.
1261 3058 1323 3095 Cf.
1344 3059 1563 3104 POLANCO‚
1583 3059 1656 3093 loc.
1677 3059 1745 3094 cit.
