<?xml version="1.0" encoding="UTF-8"?>
<!DOCTYPE html PUBLIC "-//W3C//DTD XHTML 1.0 Transitional//EN"
    "http://www.w3.org/TR/xhtml1/DTD/xhtml1-transitional.dtd">
<html xmlns="http://www.w3.org/1999/xhtml" xml:lang="en" lang="en">
 <head>
  <title>
</title>
<meta http-equiv="Content-Type" content="text/html;charset=utf-8" />
  <meta name='ocr-system' content='tesseract 3.04.00' />
  <meta name='ocr-capabilities' content='ocr_page ocr_carea ocr_par ocr_line ocrx_word'/>
</head>
<body>
  <div class='ocr_page' id='page_1' title='image "./epistolaephieron01nadauoft_0387.png"; bbox 0 0 2028 3484; ppageno 0'>
   <div class='ocr_carea' id='block_1_1' title="bbox 854 280 1810 331">
    <p class='ocr_par' dir='ltr' id='par_1_1' title="bbox 854 280 1810 331">
     <span class='ocr_line' id='line_1_1' title="bbox 854 280 1810 331; baseline 0.003 -14"><span class='ocrx_word' id='word_1_1' title='bbox 854 281 877 316; x_wconf 87' lang='lat'>6</span> <span class='ocrx_word' id='word_1_2' title='bbox 905 280 1005 318; x_wconf 71' lang='lat' dir='ltr'>lumi</span> <span class='ocrx_word' id='word_1_3' title='bbox 1032 288 1121 328; x_wconf 84' lang='lat'>1555</span> <span class='ocrx_word' id='word_1_4' title='bbox 1739 282 1810 331; x_wconf 88' lang='lat'>309</span> 
     </span>
    </p>
   </div>
   <div class='ocr_carea' id='block_1_2' title="bbox 169 384 1817 1989">
    <p class='ocr_par' dir='ltr' id='par_1_2' title="bbox 171 384 1812 905">
     <span class='ocr_line' id='line_1_2' title="bbox 171 384 1810 444; baseline 0.002 -17"><span class='ocrx_word' id='word_1_5' title='bbox 171 390 239 427; x_wconf 90' lang='lat' dir='ltr'>tor</span> <span class='ocrx_word' id='word_1_6' title='bbox 260 384 414 428; x_wconf 92' lang='lat' dir='ltr'>buono</span> <span class='ocrx_word' id='word_1_7' title='bbox 436 392 482 430; x_wconf 93' lang='lat' dir='ltr'>et</span> <span class='ocrx_word' id='word_1_8' title='bbox 503 391 628 430; x_wconf 89' lang='lat' dir='ltr'>certo</span> <span class='ocrx_word' id='word_1_9' title='bbox 649 385 692 428; x_wconf 88' lang='lat' dir='ltr'>al</span> <span class='ocrx_word' id='word_1_10' title='bbox 715 385 768 427; x_wconf 93' lang='lat' dir='ltr'>P.</span> <span class='ocrx_word' id='word_1_11' title='bbox 794 386 887 428; x_wconf 25' lang='lat' dir='ltr'>M‡0</span> <span class='ocrx_word' id='word_1_12' title='bbox 913 386 1112 440; x_wconf 82' lang='lat' dir='ltr'>Laynez‚</span> <span class='ocrx_word' id='word_1_13' title='bbox 1138 389 1338 442; x_wconf 90' lang='lat' dir='ltr'>parendo</span> <span class='ocrx_word' id='word_1_14' title='bbox 1359 388 1446 431; x_wconf 90' lang='lat' dir='ltr'>alla</span> <span class='ocrx_word' id='word_1_15' title='bbox 1469 389 1522 431; x_wconf 87' lang='grc' dir='ltr'>Ρ.</span> <span class='ocrx_word' id='word_1_16' title='bbox 1545 389 1622 441; x_wconf 91' lang='lat' dir='ltr'>V.,</span> <span class='ocrx_word' id='word_1_17' title='bbox 1643 389 1810 444; x_wconf 73' lang='lat' dir='ltr'>perche</span> 
     </span>
     <span class='ocr_line' id='line_1_3' title="bbox 171 461 1810 518; baseline 0.002 -14"><span class='ocrx_word' id='word_1_18' title='bbox 171 463 231 504; x_wconf 93' lang='lat' dir='ltr'>ho</span> <span class='ocrx_word' id='word_1_19' title='bbox 251 461 506 507; x_wconf 85' lang='lat' dir='ltr'>desiderato</span> <span class='ocrx_word' id='word_1_20' title='bbox 528 462 667 505; x_wconf 89' lang='lat' dir='ltr'>molto</span> <span class='ocrx_word' id='word_1_21' title='bbox 688 461 790 506; x_wconf 90' lang='lat' dir='ltr'>chel</span> <span class='ocrx_word' id='word_1_22' title='bbox 812 462 866 504; x_wconf 87' lang='grc' dir='ltr'>Ρ.</span> <span class='ocrx_word' id='word_1_23' title='bbox 889 463 950 505; x_wconf 93' lang='grc' dir='ltr'>Μ.</span> <span class='ocrx_word' id='word_1_24' title='bbox 978 462 1160 518; x_wconf 83' lang='lat' dir='ltr'>Laynez</span> <span class='ocrx_word' id='word_1_25' title='bbox 1182 470 1398 509; x_wconf 86' lang='lat' dir='ltr'>mettesse</span> <span class='ocrx_word' id='word_1_26' title='bbox 1419 464 1466 507; x_wconf 92' lang='lat' dir='ltr'>in</span> <span class='ocrx_word' id='word_1_27' title='bbox 1487 464 1646 509; x_wconf 82' lang='lat' dir='ltr'>ordine</span> <span class='ocrx_word' id='word_1_28' title='bbox 1663 464 1693 507; x_wconf 93' lang='grc'>11</span> <span class='ocrx_word' id='word_1_29' title='bbox 1709 464 1810 508; x_wconf 84' lang='lat' dir='ltr'>suoi</span> 
     </span>
     <span class='ocr_line' id='line_1_4' title="bbox 172 537 1810 595; baseline 0.001 -13"><span class='ocrx_word' id='word_1_30' title='bbox 172 538 332 592; x_wconf 87' lang='lat' dir='ltr'>scritti,</span> <span class='ocrx_word' id='word_1_31' title='bbox 358 546 404 584; x_wconf 93' lang='lat' dir='ltr'>et</span> <span class='ocrx_word' id='word_1_32' title='bbox 425 538 747 595; x_wconf 89' lang='lat' dir='ltr'>specialmente</span> <span class='ocrx_word' id='word_1_33' title='bbox 769 537 908 594; x_wconf 90' lang='lat' dir='ltr'>quelli</span> <span class='ocrx_word' id='word_1_34' title='bbox 922 539 1008 583; x_wconf 94' lang='lat' dir='ltr'>che</span> <span class='ocrx_word' id='word_1_35' title='bbox 1024 539 1208 595; x_wconf 91' lang='lat' dir='ltr'>possino</span> <span class='ocrx_word' id='word_1_36' title='bbox 1228 540 1388 584; x_wconf 86' lang='lat' dir='ltr'>aiutar&#39;</span> <span class='ocrx_word' id='word_1_37' title='bbox 1410 542 1496 584; x_wconf 91' lang='lat' dir='ltr'>alla</span> <span class='ocrx_word' id='word_1_38' title='bbox 1512 541 1675 586; x_wconf 90' lang='lat' dir='ltr'>misera</span> <span class='ocrx_word' id='word_1_39' title='bbox 1691 543 1810 586; x_wconf 85' lang='lat' dir='ltr'>Ger—</span> 
     </span>
     <span class='ocr_line' id='line_1_5' title="bbox 173 615 1812 673; baseline 0.002 -14"><span class='ocrx_word' id='word_1_40' title='bbox 173 615 338 670; x_wconf 82' lang='lat' dir='ltr'>mania3</span> <span class='ocrx_word' id='word_1_41' title='bbox 363 622 409 660; x_wconf 90' lang='lat' dir='ltr'>et</span> <span class='ocrx_word' id='word_1_42' title='bbox 431 622 593 671; x_wconf 90' lang='lat' dir='ltr'>questo</span> <span class='ocrx_word' id='word_1_43' title='bbox 614 615 852 660; x_wconf 82' lang='lat' dir='ltr'>sacerdote</span> <span class='ocrx_word' id='word_1_44' title='bbox 872 618 898 659; x_wconf 76' lang='grc'>0</span> <span class='ocrx_word' id='word_1_45' title='bbox 919 616 1059 659; x_wconf 91' lang='lat' dir='ltr'>molto</span> <span class='ocrx_word' id='word_1_46' title='bbox 1081 616 1124 659; x_wconf 91' lang='grc'>31</span> <span class='ocrx_word' id='word_1_47' title='bbox 1144 616 1374 673; x_wconf 86' lang='lat' dir='ltr'>proposito</span> <span class='ocrx_word' id='word_1_48' title='bbox 1392 632 1470 673; x_wconf 88' lang='lat' dir='ltr'>per</span> <span class='ocrx_word' id='word_1_49' title='bbox 1487 625 1647 673; x_wconf 88' lang='lat' dir='ltr'>questo</span> <span class='ocrx_word' id='word_1_50' title='bbox 1664 618 1812 662; x_wconf 89' lang='lat' dir='ltr'>officio</span> 
     </span>
     <span class='ocr_line' id='line_1_6' title="bbox 173 692 1812 752; baseline 0.001 -14"><span class='ocrx_word' id='word_1_51' title='bbox 173 700 219 738; x_wconf 91' lang='lat' dir='ltr'>et</span> <span class='ocrx_word' id='word_1_52' title='bbox 240 694 364 737; x_wconf 91' lang='lat' dir='ltr'>buon</span> <span class='ocrx_word' id='word_1_53' title='bbox 385 692 542 747; x_wconf 90' lang='lat' dir='ltr'>latino,</span> <span class='ocrx_word' id='word_1_54' title='bbox 567 699 613 738; x_wconf 91' lang='lat' dir='ltr'>et</span> <span class='ocrx_word' id='word_1_55' title='bbox 636 693 792 746; x_wconf 87' lang='lat' dir='ltr'>fermo,</span> <span class='ocrx_word' id='word_1_56' title='bbox 818 699 864 738; x_wconf 91' lang='lat' dir='ltr'>et</span> <span class='ocrx_word' id='word_1_57' title='bbox 885 692 1035 738; x_wconf 88' lang='lat' dir='ltr'>scriue</span> <span class='ocrx_word' id='word_1_58' title='bbox 1055 694 1173 738; x_wconf 91' lang='lat' dir='ltr'>bene</span> <span class='ocrx_word' id='word_1_59' title='bbox 1195 701 1241 739; x_wconf 89' lang='lat' dir='ltr'>et</span> <span class='ocrx_word' id='word_1_60' title='bbox 1257 702 1622 748; x_wconf 89' lang='lat' dir='ltr'>correttamente,</span> <span class='ocrx_word' id='word_1_61' title='bbox 1643 696 1688 740; x_wconf 88' lang='lat' dir='ltr'>et</span> <span class='ocrx_word' id='word_1_62' title='bbox 1706 710 1812 752; x_wconf 91' lang='lat' dir='ltr'>pare</span> 
     </span>
     <span class='ocr_line' id='line_1_7' title="bbox 174 769 1812 829; baseline 0.002 -16"><span class='ocrx_word' id='word_1_63' title='bbox 174 770 458 827; x_wconf 82' lang='lat' dir='ltr'>infatigabile</span> <span class='ocrx_word' id='word_1_64' title='bbox 478 785 558 827; x_wconf 88' lang='lat' dir='ltr'>per</span> <span class='ocrx_word' id='word_1_65' title='bbox 579 769 786 824; x_wconf 90' lang='lat' dir='ltr'>scriuer’,</span> <span class='ocrx_word' id='word_1_66' title='bbox 812 777 858 815; x_wconf 91' lang='lat' dir='ltr'>et</span> <span class='ocrx_word' id='word_1_67' title='bbox 879 771 1016 814; x_wconf 79' lang='lat' dir='ltr'>etiam</span> <span class='ocrx_word' id='word_1_68' title='bbox 1038 771 1270 815; x_wconf 84' lang='lat' dir='ltr'>inclinato.</span> <span class='ocrx_word' id='word_1_69' title='bbox 1296 771 1468 817; x_wconf 90' lang='lat' dir='ltr'>Stiamo</span> <span class='ocrx_word' id='word_1_70' title='bbox 1490 772 1588 815; x_wconf 89' lang='lat' dir='ltr'>sani</span> <span class='ocrx_word' id='word_1_71' title='bbox 1609 787 1689 828; x_wconf 91' lang='lat' dir='ltr'>per</span> <span class='ocrx_word' id='word_1_72' title='bbox 1706 787 1812 829; x_wconf 91' lang='lat' dir='ltr'>gra-</span> 
     </span>
     <span class='ocr_line' id='line_1_8' title="bbox 173 832 562 905; baseline -0.003 -13"><span class='ocrx_word' id='word_1_73' title='bbox 173 848 234 893; x_wconf 90' lang='lat' dir='ltr'>tia</span> <span class='ocrx_word' id='word_1_74' title='bbox 254 849 329 894; x_wconf 91' lang='lat' dir='ltr'>del</span> <span class='ocrx_word' id='word_1_75' title='bbox 351 832 562 905; x_wconf 84' lang='lat' dir='ltr'>Signore.</span> 
     </span>
    </p>

    <p class='ocr_par' dir='ltr' id='par_1_3' title="bbox 172 924 1816 1145">
     <span class='ocr_line' id='line_1_9' title="bbox 263 924 1814 982; baseline 0.001 -13"><span class='ocrx_word' id='word_1_76' title='bbox 263 939 304 982; x_wconf 87' lang='lat'>3.</span> <span class='ocrx_word' id='word_1_77' title='bbox 369 926 445 969; x_wconf 95' lang='lat' dir='ltr'>Ho</span> <span class='ocrx_word' id='word_1_78' title='bbox 466 925 680 968; x_wconf 90' lang='lat' dir='ltr'>mandato</span> <span class='ocrx_word' id='word_1_79' title='bbox 700 924 731 968; x_wconf 90' lang='lat' dir='ltr'>li</span> <span class='ocrx_word' id='word_1_80' title='bbox 752 926 843 970; x_wconf 91' lang='lat' dir='ltr'>due</span> <span class='ocrx_word' id='word_1_81' title='bbox 864 925 911 969; x_wconf 92' lang='lat' dir='ltr'>in</span> <span class='ocrx_word' id='word_1_82' title='bbox 935 926 1090 970; x_wconf 90' lang='lat' dir='ltr'>Padoa</span> <span class='ocrx_word' id='word_1_83' title='bbox 1110 940 1197 970; x_wconf 88' lang='lat' dir='ltr'>con</span> <span class='ocrx_word' id='word_1_84' title='bbox 1218 927 1262 971; x_wconf 91' lang='grc'>10</span> <span class='ocrx_word' id='word_1_85' title='bbox 1284 927 1590 980; x_wconf 84' lang='lat' dir='ltr'>caualcature‚</span> <span class='ocrx_word' id='word_1_86' title='bbox 1616 928 1736 972; x_wconf 91' lang='lat' dir='ltr'>doue</span> <span class='ocrx_word' id='word_1_87' title='bbox 1753 927 1814 970; x_wconf 92' lang='lat' dir='ltr'>mi</span> 
     </span>
     <span class='ocr_line' id='line_1_10' title="bbox 172 1002 1816 1060; baseline 0.001 -13"><span class='ocrx_word' id='word_1_88' title='bbox 172 1009 467 1060; x_wconf 91' lang='lat' dir='ltr'>spettaranno</span> <span class='ocrx_word' id='word_1_89' title='bbox 505 1009 574 1047; x_wconf 91' lang='lat' dir='ltr'>tre</span> <span class='ocrx_word' id='word_1_90' title='bbox 609 1016 637 1046; x_wconf 97' lang='grc'>0</span> <span class='ocrx_word' id='word_1_91' title='bbox 673 1009 855 1058; x_wconf 89' lang='lat' dir='ltr'>quattro</span> <span class='ocrx_word' id='word_1_92' title='bbox 887 1002 1038 1060; x_wconf 91' lang='lat' dir='ltr'>giorni</span> <span class='ocrx_word' id='word_1_93' title='bbox 1068 1018 1147 1060; x_wconf 90' lang='lat' dir='ltr'>per</span> <span class='ocrx_word' id='word_1_94' title='bbox 1175 1018 1267 1047; x_wconf 92' lang='lat' dir='ltr'>non</span> <span class='ocrx_word' id='word_1_95' title='bbox 1294 1006 1436 1049; x_wconf 90' lang='lat' dir='ltr'>hauer</span> <span class='ocrx_word' id='word_1_96' title='bbox 1464 1003 1694 1047; x_wconf 78' lang='lat' dir='ltr'>comodita</span> <span class='ocrx_word' id='word_1_97' title='bbox 1726 1019 1816 1060; x_wconf 90' lang='lat' dir='ltr'>qua</span> 
     </span>
     <span class='ocr_line' id='line_1_11' title="bbox 173 1079 1647 1145; baseline -0.001 -20"><span class='ocrx_word' id='word_1_98' title='bbox 173 1087 345 1137; x_wconf 92' lang='lat' dir='ltr'>quanto</span> <span class='ocrx_word' id='word_1_99' title='bbox 366 1079 413 1123; x_wconf 92' lang='lat' dir='ltr'>in</span> <span class='ocrx_word' id='word_1_100' title='bbox 436 1080 591 1124; x_wconf 90' lang='lat' dir='ltr'>Padoa</span> <span class='ocrx_word' id='word_1_101' title='bbox 611 1095 692 1137; x_wconf 90' lang='lat' dir='ltr'>per</span> <span class='ocrx_word' id='word_1_102' title='bbox 713 1086 807 1145; x_wconf 88' lang='lat' dir='ltr'>star</span> <span class='ocrx_word' id='word_1_103' title='bbox 828 1081 940 1135; x_wconf 90' lang='lat' dir='ltr'>loro,</span> <span class='ocrx_word' id='word_1_104' title='bbox 966 1087 1012 1125; x_wconf 87' lang='lat' dir='ltr'>et</span> <span class='ocrx_word' id='word_1_105' title='bbox 1032 1081 1158 1124; x_wconf 92' lang='lat' dir='ltr'>nulla</span> <span class='ocrx_word' id='word_1_106' title='bbox 1178 1096 1258 1138; x_wconf 92' lang='lat' dir='ltr'>per</span> <span class='ocrx_word' id='word_1_107' title='bbox 1279 1082 1322 1126; x_wconf 94' lang='lat' dir='ltr'>le</span> <span class='ocrx_word' id='word_1_108' title='bbox 1343 1082 1647 1126; x_wconf 87' lang='lat' dir='ltr'>caualcature.</span> 
     </span>
    </p>

    <p class='ocr_par' dir='ltr' id='par_1_4' title="bbox 171 1147 1817 1444">
     <span class='ocr_line' id='line_1_12' title="bbox 261 1147 1816 1215; baseline -0.001 -13"><span class='ocrx_word' id='word_1_109' title='bbox 261 1170 305 1213; x_wconf 90' lang='grc'>4.</span> <span class='ocrx_word' id='word_1_110' title='bbox 370 1158 417 1201; x_wconf 95' lang='grc' dir='ltr'>Ιο</span> <span class='ocrx_word' id='word_1_111' title='bbox 439 1159 499 1201; x_wconf 87' lang='grc'>110</span> <span class='ocrx_word' id='word_1_112' title='bbox 520 1147 688 1202; x_wconf 88' lang='lat' dir='ltr'>lassato</span> <span class='ocrx_word' id='word_1_113' title='bbox 708 1157 756 1200; x_wconf 93' lang='lat' dir='ltr'>in</span> <span class='ocrx_word' id='word_1_114' title='bbox 778 1156 959 1202; x_wconf 87' lang='lat' dir='ltr'>Vienna</span> <span class='ocrx_word' id='word_1_115' title='bbox 980 1157 1155 1202; x_wconf 88' lang='lat' dir='ltr'>Gionas</span> <span class='ocrx_word' id='word_1_116' title='bbox 1175 1158 1305 1214; x_wconf 88' lang='lat' dir='ltr'>quasi</span> <span class='ocrx_word' id='word_1_117' title='bbox 1331 1158 1707 1215; x_wconf 87' lang='lat' dir='ltr'>principalmente</span> <span class='ocrx_word' id='word_1_118' title='bbox 1736 1173 1816 1215; x_wconf 93' lang='lat' dir='ltr'>per</span> 
     </span>
     <span class='ocr_line' id='line_1_13' title="bbox 172 1234 1817 1293; baseline 0 -14"><span class='ocrx_word' id='word_1_119' title='bbox 172 1237 316 1280; x_wconf 90' lang='lat' dir='ltr'>hauer</span> <span class='ocrx_word' id='word_1_120' title='bbox 337 1234 601 1279; x_wconf 88' lang='lat' dir='ltr'>conosciuta</span> <span class='ocrx_word' id='word_1_121' title='bbox 621 1235 665 1279; x_wconf 88' lang='lat' dir='ltr'>la</span> <span class='ocrx_word' id='word_1_122' title='bbox 685 1234 951 1279; x_wconf 91' lang='lat' dir='ltr'>inclination</span> <span class='ocrx_word' id='word_1_123' title='bbox 972 1250 1072 1289; x_wconf 87' lang='lat' dir='ltr'>sua,</span> <span class='ocrx_word' id='word_1_124' title='bbox 1097 1247 1143 1281; x_wconf 91' lang='lat' dir='ltr'>et</span> <span class='ocrx_word' id='word_1_125' title='bbox 1165 1236 1490 1293; x_wconf 89' lang='lat' dir='ltr'>specialmente</span> <span class='ocrx_word' id='word_1_126' title='bbox 1516 1251 1543 1280; x_wconf 91' lang='lat' dir='ltr'>a</span> <span class='ocrx_word' id='word_1_127' title='bbox 1572 1237 1638 1279; x_wconf 88' lang='lat' dir='ltr'>far</span> <span class='ocrx_word' id='word_1_128' title='bbox 1666 1236 1817 1292; x_wconf 82' lang='lat' dir='ltr'>quella</span> 
     </span>
     <span class='ocr_line' id='line_1_14' title="bbox 171 1312 1816 1371; baseline 0 -15"><span class='ocrx_word' id='word_1_129' title='bbox 171 1312 294 1356; x_wconf 89' lang='lat' dir='ltr'>scola</span> <span class='ocrx_word' id='word_1_130' title='bbox 309 1313 368 1357; x_wconf 88' lang='lat' dir='ltr'>de</span> <span class='ocrx_word' id='word_1_131' title='bbox 383 1312 613 1370; x_wconf 88' lang='lat' dir='ltr'>insegnar’</span> <span class='ocrx_word' id='word_1_132' title='bbox 633 1313 691 1357; x_wconf 88' lang='lat' dir='ltr'>ad</span> <span class='ocrx_word' id='word_1_133' title='bbox 707 1313 850 1370; x_wconf 84' lang='lat' dir='ltr'>leger’</span> <span class='ocrx_word' id='word_1_134' title='bbox 870 1319 916 1358; x_wconf 91' lang='lat' dir='ltr'>et</span> <span class='ocrx_word' id='word_1_135' title='bbox 938 1312 1111 1358; x_wconf 87' lang='lat' dir='ltr'>scriuer</span> <span class='ocrx_word' id='word_1_136' title='bbox 1132 1313 1163 1356; x_wconf 91' lang='lat' dir='ltr'>li</span> <span class='ocrx_word' id='word_1_137' title='bbox 1178 1313 1313 1370; x_wconf 86' lang='lat' dir='ltr'>putti3</span> <span class='ocrx_word' id='word_1_138' title='bbox 1334 1320 1405 1357; x_wconf 87' lang='lat' dir='ltr'>sta</span> <span class='ocrx_word' id='word_1_139' title='bbox 1421 1313 1591 1371; x_wconf 83' lang='lat' dir='ltr'>meglio</span> <span class='ocrx_word' id='word_1_140' title='bbox 1608 1313 1653 1357; x_wconf 91' lang='lat' dir='ltr'>di</span> <span class='ocrx_word' id='word_1_141' title='bbox 1671 1313 1816 1357; x_wconf 77' lang='lat' dir='ltr'>sanita</span> 
     </span>
     <span class='ocr_line' id='line_1_15' title="bbox 174 1389 821 1444; baseline -0.002 -10"><span class='ocrx_word' id='word_1_142' title='bbox 174 1391 260 1435; x_wconf 93' lang='lat' dir='ltr'>che</span> <span class='ocrx_word' id='word_1_143' title='bbox 280 1389 329 1433; x_wconf 90' lang='lat' dir='ltr'>in</span> <span class='ocrx_word' id='word_1_144' title='bbox 350 1391 512 1444; x_wconf 89' lang='lat' dir='ltr'>Roma,</span> <span class='ocrx_word' id='word_1_145' title='bbox 536 1396 583 1434; x_wconf 91' lang='lat' dir='ltr'>et</span> <span class='ocrx_word' id='word_1_146' title='bbox 603 1391 630 1434; x_wconf 78' lang='grc'>0</span> <span class='ocrx_word' id='word_1_147' title='bbox 651 1391 821 1434; x_wconf 88' lang='lat' dir='ltr'>buono.</span> 
     </span>
    </p>

    <p class='ocr_par' dir='ltr' id='par_1_5' title="bbox 172 1467 1817 1679">
     <span class='ocr_line' id='line_1_16' title="bbox 262 1467 1817 1522; baseline 0.001 -12"><span class='ocrx_word' id='word_1_148' title='bbox 262 1477 304 1522; x_wconf 85' lang='lat'>5.</span> <span class='ocrx_word' id='word_1_149' title='bbox 369 1467 502 1512; x_wconf 90' lang='lat' dir='ltr'>Delle</span> <span class='ocrx_word' id='word_1_150' title='bbox 522 1480 630 1513; x_wconf 91' lang='lat' dir='ltr'>cose</span> <span class='ocrx_word' id='word_1_151' title='bbox 650 1467 696 1510; x_wconf 94' lang='lat' dir='ltr'>di</span> <span class='ocrx_word' id='word_1_152' title='bbox 718 1467 900 1512; x_wconf 89' lang='lat' dir='ltr'>Vienna</span> <span class='ocrx_word' id='word_1_153' title='bbox 915 1467 1014 1512; x_wconf 84' lang='lat' dir='ltr'>diro</span> <span class='ocrx_word' id='word_1_154' title='bbox 1030 1467 1351 1513; x_wconf 89' lang='lat' dir='ltr'>diffusamente</span> <span class='ocrx_word' id='word_1_155' title='bbox 1367 1468 1454 1512; x_wconf 89' lang='grc'><strong>3113</strong></span> <span class='ocrx_word' id='word_1_156' title='bbox 1472 1469 1525 1512; x_wconf 91' lang='grc' dir='ltr'>Ρ.</span> <span class='ocrx_word' id='word_1_157' title='bbox 1547 1469 1605 1512; x_wconf 91' lang='lat' dir='ltr'>V.</span> <span class='ocrx_word' id='word_1_158' title='bbox 1626 1483 1653 1511; x_wconf 92' lang='lat' dir='ltr'>a</span> <span class='ocrx_word' id='word_1_159' title='bbox 1673 1469 1817 1511; x_wconf 89' lang='lat' dir='ltr'>bocca</span> 
     </span>
     <span class='ocr_line' id='line_1_17' title="bbox 173 1531 1817 1602; baseline 0.001 -14"><span class='ocrx_word' id='word_1_160' title='bbox 173 1558 262 1588; x_wconf 93' lang='lat' dir='ltr'>con</span> <span class='ocrx_word' id='word_1_161' title='bbox 283 1545 327 1589; x_wconf 90' lang='lat' dir='ltr'>la</span> <span class='ocrx_word' id='word_1_162' title='bbox 347 1544 495 1601; x_wconf 86' lang='lat' dir='ltr'>gratia</span> <span class='ocrx_word' id='word_1_163' title='bbox 516 1545 591 1590; x_wconf 92' lang='lat' dir='ltr'>del</span> <span class='ocrx_word' id='word_1_164' title='bbox 618 1544 832 1602; x_wconf 90' lang='lat' dir='ltr'>Signore;</span> <span class='ocrx_word' id='word_1_165' title='bbox 863 1559 938 1588; x_wconf 90' lang='lat' dir='ltr'>ma</span> <span class='ocrx_word' id='word_1_166' title='bbox 966 1551 1036 1589; x_wconf 89' lang='lat' dir='ltr'>tra</span> <span class='ocrx_word' id='word_1_167' title='bbox 1064 1553 1226 1602; x_wconf 89' lang='lat' dir='ltr'>questo</span> <span class='ocrx_word' id='word_1_168' title='bbox 1253 1531 1409 1590; x_wconf 74' lang='grc' dir='ltr'><strong>111οΖΖο</strong></span> <span class='ocrx_word' id='word_1_169' title='bbox 1436 1545 1637 1591; x_wconf 83' lang='lat' dir='ltr'>scriuero</span> <span class='ocrx_word' id='word_1_170' title='bbox 1667 1546 1817 1590; x_wconf 92' lang='lat' dir='ltr'>alcuni</span> 
     </span>
     <span class='ocr_line' id='line_1_18' title="bbox 172 1621 1225 1679; baseline 0.002 -14"><span class='ocrx_word' id='word_1_171' title='bbox 172 1621 299 1679; x_wconf 87' lang='lat' dir='ltr'>ponti</span> <span class='ocrx_word' id='word_1_172' title='bbox 319 1623 631 1667; x_wconf 92' lang='lat' dir='ltr'>breuemente.</span> <span class='ocrx_word' id='word_1_173' title='bbox 1222 1628 1225 1631; x_wconf 76' lang='grc'>’</span> 
     </span>
    </p>

    <p class='ocr_par' dir='ltr' id='par_1_6' title="bbox 169 1699 1816 1989">
     <span class='ocr_line' id='line_1_19' title="bbox 260 1699 1816 1759; baseline 0 -16"><span class='ocrx_word' id='word_1_174' title='bbox 260 1699 303 1743; x_wconf 89' lang='lat'>6.</span> <span class='ocrx_word' id='word_1_175' title='bbox 369 1700 445 1744; x_wconf 94' lang='lat' dir='ltr'>Ho</span> <span class='ocrx_word' id='word_1_176' title='bbox 476 1701 632 1754; x_wconf 88' lang='lat' dir='ltr'>hauto,</span> <span class='ocrx_word' id='word_1_177' title='bbox 666 1701 829 1754; x_wconf 90' lang='lat' dir='ltr'>Padre,</span> <span class='ocrx_word' id='word_1_178' title='bbox 860 1716 923 1744; x_wconf 91' lang='lat' dir='ltr'>vn</span> <span class='ocrx_word' id='word_1_179' title='bbox 951 1715 1067 1759; x_wconf 90' lang='lat' dir='ltr'>gran</span> <span class='ocrx_word' id='word_1_180' title='bbox 1094 1701 1334 1755; x_wconf 86' lang='lat' dir='ltr'>desiderio,</span> <span class='ocrx_word' id='word_1_181' title='bbox 1367 1708 1413 1747; x_wconf 92' lang='lat' dir='ltr'>et</span> <span class='ocrx_word' id='word_1_182' title='bbox 1440 1703 1516 1755; x_wconf 92' lang='lat' dir='ltr'>ho,</span> <span class='ocrx_word' id='word_1_183' title='bbox 1549 1702 1635 1746; x_wconf 90' lang='lat' dir='ltr'>che</span> <span class='ocrx_word' id='word_1_184' title='bbox 1655 1701 1816 1745; x_wconf 80' lang='lat' dir='ltr'>alcuni</span> 
     </span>
     <span class='ocr_line' id='line_1_20' title="bbox 170 1777 1814 1836; baseline 0 -15"><span class='ocrx_word' id='word_1_185' title='bbox 170 1777 492 1822; x_wconf 87' lang='lat' dir='ltr'>attendesseno</span> <span class='ocrx_word' id='word_1_186' title='bbox 513 1778 571 1821; x_wconf 92' lang='lat' dir='ltr'>ad</span> <span class='ocrx_word' id='word_1_187' title='bbox 592 1777 754 1821; x_wconf 89' lang='lat' dir='ltr'>aiutar’</span> <span class='ocrx_word' id='word_1_188' title='bbox 779 1778 855 1821; x_wconf 89' lang='lat' dir='ltr'>alli</span> <span class='ocrx_word' id='word_1_189' title='bbox 875 1777 1011 1835; x_wconf 88' lang='lat' dir='ltr'>pochi</span> <span class='ocrx_word' id='word_1_190' title='bbox 1033 1777 1246 1822; x_wconf 87' lang='lat' dir='ltr'>catholici</span> <span class='ocrx_word' id='word_1_191' title='bbox 1267 1777 1314 1822; x_wconf 91' lang='lat' dir='ltr'>in</span> <span class='ocrx_word' id='word_1_192' title='bbox 1336 1779 1604 1836; x_wconf 86' lang='lat' dir='ltr'>Alemagna,</span> <span class='ocrx_word' id='word_1_193' title='bbox 1629 1786 1676 1823; x_wconf 90' lang='lat' dir='ltr'>et</span> <span class='ocrx_word' id='word_1_194' title='bbox 1703 1793 1814 1822; x_wconf 89' lang='lat' dir='ltr'>con-</span> 
     </span>
     <span class='ocr_line' id='line_1_21' title="bbox 170 1854 1814 1913; baseline 0.001 -16"><span class='ocrx_word' id='word_1_195' title='bbox 170 1855 306 1898; x_wconf 89' lang='lat' dir='ltr'>futar’</span> <span class='ocrx_word' id='word_1_196' title='bbox 332 1854 472 1910; x_wconf 93' lang='lat' dir='ltr'>quelli</span> <span class='ocrx_word' id='word_1_197' title='bbox 493 1854 645 1900; x_wconf 89' lang='lat' dir='ltr'>miseri</span> <span class='ocrx_word' id='word_1_198' title='bbox 666 1855 870 1900; x_wconf 87' lang='lat' dir='ltr'>heretici.</span> <span class='ocrx_word' id='word_1_199' title='bbox 898 1855 952 1899; x_wconf 94' lang='lat' dir='ltr'>Li</span> <span class='ocrx_word' id='word_1_200' title='bbox 973 1856 1073 1899; x_wconf 89' lang='lat' dir='ltr'>suoi</span> <span class='ocrx_word' id='word_1_201' title='bbox 1101 1855 1203 1899; x_wconf 84' lang='lat' dir='ltr'>libri</span> <span class='ocrx_word' id='word_1_202' title='bbox 1230 1855 1269 1900; x_wconf 91' lang='lat' dir='ltr'>si</span> <span class='ocrx_word' id='word_1_203' title='bbox 1301 1856 1608 1913; x_wconf 90' lang='lat' dir='ltr'>moltiplicano</span> <span class='ocrx_word' id='word_1_204' title='bbox 1636 1856 1683 1899; x_wconf 93' lang='lat' dir='ltr'>in</span> <span class='ocrx_word' id='word_1_205' title='bbox 1710 1856 1814 1899; x_wconf 87' lang='lat' dir='ltr'>infi-</span> 
     </span>
     <span class='ocr_line' id='line_1_22' title="bbox 169 1931 1815 1989; baseline 0.001 -14"><span class='ocrx_word' id='word_1_206' title='bbox 169 1931 282 1986; x_wconf 90' lang='lat' dir='ltr'>nito,</span> <span class='ocrx_word' id='word_1_207' title='bbox 323 1938 368 1977; x_wconf 94' lang='lat' dir='ltr'>et</span> <span class='ocrx_word' id='word_1_208' title='bbox 396 1939 634 1989; x_wconf 86' lang='lat' dir='ltr'>stampano</span> <span class='ocrx_word' id='word_1_209' title='bbox 670 1933 717 1976; x_wconf 94' lang='lat' dir='ltr'>di</span> <span class='ocrx_word' id='word_1_210' title='bbox 754 1947 925 1988; x_wconf 90' lang='lat' dir='ltr'>nuouo;</span> <span class='ocrx_word' id='word_1_211' title='bbox 957 1940 1003 1979; x_wconf 92' lang='lat' dir='ltr'>et</span> <span class='ocrx_word' id='word_1_212' title='bbox 1034 1933 1067 1976; x_wconf 91' lang='lat' dir='ltr'>li</span> <span class='ocrx_word' id='word_1_213' title='bbox 1094 1933 1197 1977; x_wconf 93' lang='lat' dir='ltr'>libri</span> <span class='ocrx_word' id='word_1_214' title='bbox 1223 1933 1449 1987; x_wconf 89' lang='lat' dir='ltr'>catholici,</span> <span class='ocrx_word' id='word_1_215' title='bbox 1481 1936 1567 1979; x_wconf 91' lang='lat' dir='ltr'>che</span> <span class='ocrx_word' id='word_1_216' title='bbox 1593 1949 1677 1978; x_wconf 85' lang='lat' dir='ltr'>son</span> <span class='ocrx_word' id='word_1_217' title='bbox 1714 1934 1815 1977; x_wconf 88' lang='lat' dir='ltr'>fatti</span> 
     </span>
    </p>
   </div>
   <div class='ocr_carea' id='block_1_3' title="bbox 131 2009 1885 2068">
    <p class='ocr_par' dir='ltr' id='par_1_7' title="bbox 131 2009 1885 2068">
     <span class='ocr_line' id='line_1_23' title="bbox 131 2009 1885 2068; baseline 0.002 -16"><span class='ocrx_word' id='word_1_218' title='bbox 131 2055 134 2058; x_wconf 14' lang='lat' dir='ltr'>A</span> <span class='ocrx_word' id='word_1_219' title='bbox 169 2015 330 2053; x_wconf 86' lang='lat' dir='ltr'>contra</span> <span class='ocrx_word' id='word_1_220' title='bbox 350 2009 463 2064; x_wconf 91' lang='lat' dir='ltr'>loro,</span> <span class='ocrx_word' id='word_1_221' title='bbox 488 2009 564 2067; x_wconf 80' lang='lat' dir='ltr'>gia</span> <span class='ocrx_word' id='word_1_222' title='bbox 581 2025 674 2054; x_wconf 92' lang='lat' dir='ltr'>non</span> <span class='ocrx_word' id='word_1_223' title='bbox 690 2010 728 2054; x_wconf 89' lang='lat' dir='ltr'>si</span> <span class='ocrx_word' id='word_1_224' title='bbox 744 2017 982 2068; x_wconf 91' lang='lat' dir='ltr'>stampano</span> <span class='ocrx_word' id='word_1_225' title='bbox 997 2011 1092 2068; x_wconf 72' lang='lat' dir='ltr'>pisi,</span> <span class='ocrx_word' id='word_1_226' title='bbox 1112 2026 1171 2057; x_wconf 93' lang='lat' dir='ltr'>ne</span> <span class='ocrx_word' id='word_1_227' title='bbox 1187 2011 1317 2068; x_wconf 82' lang='lat' dir='ltr'>quasi</span> <span class='ocrx_word' id='word_1_228' title='bbox 1333 2011 1371 2055; x_wconf 90' lang='lat' dir='ltr'>si</span> <span class='ocrx_word' id='word_1_229' title='bbox 1388 2018 1596 2065; x_wconf 89' lang='lat' dir='ltr'>trouano,</span> <span class='ocrx_word' id='word_1_230' title='bbox 1617 2011 1664 2054; x_wconf 92' lang='lat' dir='ltr'>in</span> <span class='ocrx_word' id='word_1_231' title='bbox 1679 2012 1814 2055; x_wconf 93' lang='lat' dir='ltr'>modo</span> <span class='ocrx_word' id='word_1_232' title='bbox 1883 2037 1885 2039; x_wconf 90' lang='lat'>·</span> 
     </span>
    </p>
   </div>
   <div class='ocr_carea' id='block_1_4' title="bbox 168 2085 1817 2765">
    <p class='ocr_par' dir='ltr' id='par_1_8' title="bbox 168 2085 1817 2765">
     <span class='ocr_line' id='line_1_24' title="bbox 169 2085 1813 2146; baseline 0.001 -16"><span class='ocrx_word' id='word_1_233' title='bbox 169 2087 256 2131; x_wconf 92' lang='lat' dir='ltr'>che</span> <span class='ocrx_word' id='word_1_234' title='bbox 276 2085 308 2129; x_wconf 92' lang='lat' dir='ltr'>li</span> <span class='ocrx_word' id='word_1_235' title='bbox 330 2087 549 2132; x_wconf 81' lang='lat' dir='ltr'>medesmi</span> <span class='ocrx_word' id='word_1_236' title='bbox 571 2087 784 2132; x_wconf 91' lang='lat' dir='ltr'>catholici</span> <span class='ocrx_word' id='word_1_237' title='bbox 806 2088 987 2142; x_wconf 84' lang='lat' dir='ltr'>dicono,</span> <span class='ocrx_word' id='word_1_238' title='bbox 1013 2089 1204 2146; x_wconf 75' lang='lat' dir='ltr'>(benche</span> <span class='ocrx_word' id='word_1_239' title='bbox 1226 2104 1322 2133; x_wconf 92' lang='lat' dir='ltr'>non</span> <span class='ocrx_word' id='word_1_240' title='bbox 1343 2088 1382 2132; x_wconf 92' lang='lat' dir='ltr'>si</span> <span class='ocrx_word' id='word_1_241' title='bbox 1403 2103 1602 2145; x_wconf 88' lang='lat' dir='ltr'>possono</span> <span class='ocrx_word' id='word_1_242' title='bbox 1625 2090 1813 2145; x_wconf 87' lang='lat' dir='ltr'>scusar&#39;)</span> 
     </span>
     <span class='ocr_line' id='line_1_25' title="bbox 169 2164 1812 2222; baseline 0.002 -16"><span class='ocrx_word' id='word_1_243' title='bbox 169 2164 256 2209; x_wconf 92' lang='lat' dir='ltr'>che</span> <span class='ocrx_word' id='word_1_244' title='bbox 291 2178 385 2207; x_wconf 91' lang='lat' dir='ltr'>non</span> <span class='ocrx_word' id='word_1_245' title='bbox 414 2170 607 2208; x_wconf 90' lang='lat' dir='ltr'>trouano</span> <span class='ocrx_word' id='word_1_246' title='bbox 644 2165 703 2208; x_wconf 92' lang='lat' dir='ltr'>da</span> <span class='ocrx_word' id='word_1_247' title='bbox 739 2166 917 2222; x_wconf 86' lang='lat' dir='ltr'>legger&#39;</span> <span class='ocrx_word' id='word_1_248' title='bbox 955 2165 1057 2210; x_wconf 93' lang='lat' dir='ltr'>altri</span> <span class='ocrx_word' id='word_1_249' title='bbox 1093 2165 1197 2209; x_wconf 85' lang='lat' dir='ltr'>libri</span> <span class='ocrx_word' id='word_1_250' title='bbox 1225 2168 1311 2211; x_wconf 92' lang='lat' dir='ltr'>che</span> <span class='ocrx_word' id='word_1_251' title='bbox 1342 2166 1388 2210; x_wconf 91' lang='lat' dir='ltr'>di</span> <span class='ocrx_word' id='word_1_252' title='bbox 1419 2166 1568 2222; x_wconf 85' lang='lat' dir='ltr'>questi</span> <span class='ocrx_word' id='word_1_253' title='bbox 1586 2166 1812 2220; x_wconf 84' lang='lat' dir='ltr'>luterani,</span> 
     </span>
     <span class='ocr_line' id='line_1_26' title="bbox 170 2234 1814 2301; baseline 0.001 -17"><span class='ocrx_word' id='word_1_254' title='bbox 170 2241 258 2286; x_wconf 90' lang='lat' dir='ltr'>che</span> <span class='ocrx_word' id='word_1_255' title='bbox 287 2241 314 2285; x_wconf 77' lang='grc' dir='ltr'>ἑ</span> <span class='ocrx_word' id='word_1_256' title='bbox 344 2241 485 2285; x_wconf 89' lang='lat' dir='ltr'>andar</span> <span class='ocrx_word' id='word_1_257' title='bbox 520 2248 641 2286; x_wconf 89' lang='lat' dir='ltr'>tutto</span> <span class='ocrx_word' id='word_1_258' title='bbox 672 2243 760 2286; x_wconf 91' lang='lat' dir='ltr'>alla</span> <span class='ocrx_word' id='word_1_259' title='bbox 791 2242 935 2298; x_wconf 93' lang='lat' dir='ltr'>roina,</span> <span class='ocrx_word' id='word_1_260' title='bbox 970 2234 1056 2288; x_wconf 80' lang='lat' dir='ltr'>che</span> <span class='ocrx_word' id='word_1_261' title='bbox 1086 2243 1162 2300; x_wconf 78' lang='lat' dir='ltr'>gia</span> <span class='ocrx_word' id='word_1_262' title='bbox 1193 2244 1330 2287; x_wconf 83' lang='lat' dir='ltr'>etiam</span> <span class='ocrx_word' id='word_1_263' title='bbox 1358 2243 1389 2286; x_wconf 94' lang='lat' dir='ltr'>li</span> <span class='ocrx_word' id='word_1_264' title='bbox 1416 2244 1550 2301; x_wconf 92' lang='lat' dir='ltr'>pochi</span> <span class='ocrx_word' id='word_1_265' title='bbox 1572 2243 1749 2287; x_wconf 88' lang='lat' dir='ltr'>catolici</span> <span class='ocrx_word' id='word_1_266' title='bbox 1778 2243 1814 2286; x_wconf 90' lang='lat' dir='ltr'>si</span> 
     </span>
     <span class='ocr_line' id='line_1_27' title="bbox 170 2319 1817 2378; baseline 0 -16"><span class='ocrx_word' id='word_1_267' title='bbox 170 2332 340 2362; x_wconf 91' lang='lat' dir='ltr'>curano</span> <span class='ocrx_word' id='word_1_268' title='bbox 371 2332 486 2375; x_wconf 93' lang='lat' dir='ltr'>poco</span> <span class='ocrx_word' id='word_1_269' title='bbox 523 2319 643 2365; x_wconf 89' lang='lat' dir='ltr'>delle</span> <span class='ocrx_word' id='word_1_270' title='bbox 678 2319 1057 2364; x_wconf 92' lang='lat' dir='ltr'>scomunicationi</span> <span class='ocrx_word' id='word_1_271' title='bbox 1088 2321 1163 2366; x_wconf 92' lang='lat' dir='ltr'>del</span> <span class='ocrx_word' id='word_1_272' title='bbox 1193 2335 1325 2378; x_wconf 90' lang='lat' dir='ltr'>papa,</span> <span class='ocrx_word' id='word_1_273' title='bbox 1361 2328 1407 2366; x_wconf 91' lang='lat' dir='ltr'>et</span> <span class='ocrx_word' id='word_1_274' title='bbox 1437 2321 1741 2378; x_wconf 80' lang='lat' dir='ltr'>prohibitione</span> <span class='ocrx_word' id='word_1_275' title='bbox 1772 2319 1817 2362; x_wconf 89' lang='lat' dir='ltr'>di</span> 
     </span>
     <span class='ocr_line' id='line_1_28' title="bbox 173 2394 1816 2454; baseline 0.001 -16"><span class='ocrx_word' id='word_1_276' title='bbox 173 2395 335 2452; x_wconf 86' lang='lat' dir='ltr'>legger</span> <span class='ocrx_word' id='word_1_277' title='bbox 370 2395 472 2439; x_wconf 90' lang='lat' dir='ltr'>libri</span> <span class='ocrx_word' id='word_1_278' title='bbox 508 2396 713 2442; x_wconf 89' lang='lat' dir='ltr'>heretici.</span> <span class='ocrx_word' id='word_1_279' title='bbox 761 2399 850 2442; x_wconf 93' lang='lat' dir='ltr'>Per</span> <span class='ocrx_word' id='word_1_280' title='bbox 891 2404 1053 2454; x_wconf 89' lang='lat' dir='ltr'>questo</span> <span class='ocrx_word' id='word_1_281' title='bbox 1065 2394 1090 2451; x_wconf 75' lang='lat'>,⁹</span> <span class='ocrx_word' id='word_1_282' title='bbox 1121 2398 1290 2451; x_wconf 88' lang='lat' dir='ltr'>Padre,</span> <span class='ocrx_word' id='word_1_283' title='bbox 1336 2398 1377 2441; x_wconf 94' lang='grc'>01</span> <span class='ocrx_word' id='word_1_284' title='bbox 1418 2398 1659 2442; x_wconf 90' lang='lat' dir='ltr'>habbiamo</span> <span class='ocrx_word' id='word_1_285' title='bbox 1701 2398 1816 2440; x_wconf 86' lang='lat' dir='ltr'>sfor—</span> 
     </span>
     <span class='ocr_line' id='line_1_29' title="bbox 173 2472 1815 2530; baseline 0.001 -14"><span class='ocrx_word' id='word_1_286' title='bbox 173 2479 276 2516; x_wconf 92' lang='lat' dir='ltr'>zato</span> <span class='ocrx_word' id='word_1_287' title='bbox 297 2472 343 2515; x_wconf 93' lang='lat' dir='ltr'>di</span> <span class='ocrx_word' id='word_1_288' title='bbox 365 2488 446 2530; x_wconf 91' lang='lat' dir='ltr'>per</span> <span class='ocrx_word' id='word_1_289' title='bbox 466 2488 622 2519; x_wconf 88' lang='lat' dir='ltr'>mezzo</span> <span class='ocrx_word' id='word_1_290' title='bbox 643 2474 717 2519; x_wconf 91' lang='lat' dir='ltr'>del</span> <span class='ocrx_word' id='word_1_291' title='bbox 738 2474 1009 2520; x_wconf 88' lang='lat' dir='ltr'>cancellario</span> <span class='ocrx_word' id='word_1_292' title='bbox 1036 2476 1080 2519; x_wconf 89' lang='lat' dir='ltr'>d’</span> <span class='ocrx_word' id='word_1_293' title='bbox 1112 2475 1300 2519; x_wconf 91' lang='lat' dir='ltr'>Austria</span> <span class='ocrx_word' id='word_1_294' title='bbox 1332 2478 1361 2530; x_wconf 87' lang='lat'>¹,</span> <span class='ocrx_word' id='word_1_295' title='bbox 1386 2478 1554 2519; x_wconf 90' lang='lat' dir='ltr'>huomo</span> <span class='ocrx_word' id='word_1_296' title='bbox 1576 2475 1714 2518; x_wconf 90' lang='lat' dir='ltr'>molto</span> <span class='ocrx_word' id='word_1_297' title='bbox 1737 2489 1815 2517; x_wconf 85' lang='grc'>03-</span> 
     </span>
     <span class='ocr_line' id='line_1_30' title="bbox 174 2549 1812 2610; baseline 0.002 -18"><span class='ocrx_word' id='word_1_298' title='bbox 174 2549 309 2594; x_wconf 91' lang='lat' dir='ltr'>tolico</span> <span class='ocrx_word' id='word_1_299' title='bbox 330 2557 376 2595; x_wconf 88' lang='lat' dir='ltr'>et</span> <span class='ocrx_word' id='word_1_300' title='bbox 397 2550 541 2605; x_wconf 90' lang='lat' dir='ltr'>dotto,</span> <span class='ocrx_word' id='word_1_301' title='bbox 567 2552 635 2595; x_wconf 88' lang='lat' dir='ltr'>far</span> <span class='ocrx_word' id='word_1_302' title='bbox 656 2551 700 2594; x_wconf 93' lang='lat' dir='ltr'>in</span> <span class='ocrx_word' id='word_1_303' title='bbox 725 2551 905 2597; x_wconf 91' lang='lat' dir='ltr'>Vienna</span> <span class='ocrx_word' id='word_1_304' title='bbox 926 2567 1016 2595; x_wconf 91' lang='lat' dir='ltr'>vna</span> <span class='ocrx_word' id='word_1_305' title='bbox 1038 2559 1213 2610; x_wconf 89' lang='lat' dir='ltr'>stampa</span> <span class='ocrx_word' id='word_1_306' title='bbox 1234 2554 1388 2597; x_wconf 93' lang='lat' dir='ltr'>buona</span> <span class='ocrx_word' id='word_1_307' title='bbox 1415 2553 1462 2596; x_wconf 90' lang='lat' dir='ltr'>in</span> <span class='ocrx_word' id='word_1_308' title='bbox 1490 2568 1623 2597; x_wconf 91' lang='lat' dir='ltr'>nome</span> <span class='ocrx_word' id='word_1_309' title='bbox 1651 2552 1723 2596; x_wconf 93' lang='lat' dir='ltr'>del</span> <span class='ocrx_word' id='word_1_310' title='bbox 1747 2567 1812 2605; x_wconf 87' lang='lat' dir='ltr'>re,</span> 
     </span>
     <span class='ocr_line' id='line_1_31' title="bbox 170 2627 1813 2686; baseline 0.001 -17"><span class='ocrx_word' id='word_1_311' title='bbox 170 2627 290 2671; x_wconf 89' lang='lat' dir='ltr'>nella</span> <span class='ocrx_word' id='word_1_312' title='bbox 311 2628 416 2683; x_wconf 90' lang='lat' dir='ltr'>qual</span> <span class='ocrx_word' id='word_1_313' title='bbox 442 2628 481 2672; x_wconf 88' lang='lat' dir='ltr'>si</span> <span class='ocrx_word' id='word_1_314' title='bbox 508 2635 821 2686; x_wconf 80' lang='lat' dir='ltr'>stampasseno</span> <span class='ocrx_word' id='word_1_315' title='bbox 850 2629 1268 2685; x_wconf 88' lang='lat' dir='ltr'>quotidianamente</span> <span class='ocrx_word' id='word_1_316' title='bbox 1294 2631 1396 2674; x_wconf 90' lang='lat' dir='ltr'>libri</span> <span class='ocrx_word' id='word_1_317' title='bbox 1425 2630 1603 2674; x_wconf 90' lang='lat' dir='ltr'>catolici</span> <span class='ocrx_word' id='word_1_318' title='bbox 1632 2637 1677 2674; x_wconf 93' lang='lat' dir='ltr'>et</span> <span class='ocrx_word' id='word_1_319' title='bbox 1703 2644 1813 2685; x_wconf 90' lang='lat' dir='ltr'>pur—</span> 
     </span>
     <span class='ocr_line' id='line_1_32' title="bbox 168 2704 1810 2765; baseline 0.001 -18"><span class='ocrx_word' id='word_1_320' title='bbox 168 2704 279 2760; x_wconf 90' lang='lat' dir='ltr'>gati,</span> <span class='ocrx_word' id='word_1_321' title='bbox 305 2711 351 2749; x_wconf 92' lang='lat' dir='ltr'>et</span> <span class='ocrx_word' id='word_1_322' title='bbox 371 2704 410 2749; x_wconf 87' lang='lat' dir='ltr'>si</span> <span class='ocrx_word' id='word_1_323' title='bbox 434 2706 656 2751; x_wconf 87' lang='lat' dir='ltr'>facessino</span> <span class='ocrx_word' id='word_1_324' title='bbox 679 2706 831 2750; x_wconf 90' lang='lat' dir='ltr'>alcuni</span> <span class='ocrx_word' id='word_1_325' title='bbox 853 2706 994 2750; x_wconf 90' lang='lat' dir='ltr'>nuoui</span> <span class='ocrx_word' id='word_1_326' title='bbox 1024 2713 1183 2752; x_wconf 90' lang='lat' dir='ltr'>contra</span> <span class='ocrx_word' id='word_1_327' title='bbox 1211 2715 1389 2765; x_wconf 63' lang='lat' dir='ltr'>questas</span> <span class='ocrx_word' id='word_1_328' title='bbox 1399 2715 1528 2765; x_wconf 85' lang='lat' dir='ltr'>peste</span> <span class='ocrx_word' id='word_1_329' title='bbox 1557 2707 1602 2750; x_wconf 94' lang='lat' dir='ltr'>di</span> <span class='ocrx_word' id='word_1_330' title='bbox 1624 2708 1810 2751; x_wconf 88' lang='lat' dir='ltr'>Lutero.</span> 
     </span>
    </p>
   </div>
   <div class='ocr_carea' id='block_1_5' title="bbox 170 2811 453 2818">
    <p class='ocr_par' dir='ltr' id='par_1_9' title="bbox 170 2811 453 2818">
     <span class='ocr_line' id='line_1_33' title="bbox 170 2811 453 2818; baseline 0 666"><span class='ocrx_word' id='word_1_331' title='bbox 170 2811 453 2818; x_wconf 95' lang='lat' dir='ltr'> </span> 
     </span>
    </p>
   </div>
   <div class='ocr_carea' id='block_1_6' title="bbox 168 2865 1817 3152">
    <p class='ocr_par' dir='ltr' id='par_1_10' title="bbox 168 2865 1817 3035">
     <span class='ocr_line' id='line_1_34' title="bbox 168 2865 1814 2916; baseline 0 -15"><span class='ocrx_word' id='word_1_332' title='bbox 168 2865 332 2902; x_wconf 85' lang='lat' dir='ltr'>innuere</span> <span class='ocrx_word' id='word_1_333' title='bbox 349 2866 506 2903; x_wconf 86' lang='lat' dir='ltr'>videtur</span> <span class='ocrx_word' id='word_1_334' title='bbox 523 2867 567 2902; x_wconf 90' lang='lat' dir='ltr'>P.</span> <span class='ocrx_word' id='word_1_335' title='bbox 588 2867 793 2904; x_wconf 85' lang='lat' dir='ltr'><strong>POLANCO</strong></span> <span class='ocrx_word' id='word_1_336' title='bbox 811 2869 851 2904; x_wconf 92' lang='lat' dir='ltr'>in</span> <span class='ocrx_word' id='word_1_337' title='bbox 869 2868 1036 2915; x_wconf 88' lang='lat' dir='ltr'>epistola</span> <span class='ocrx_word' id='word_1_338' title='bbox 1052 2868 1102 2905; x_wconf 90' lang='lat' dir='ltr'>ad</span> <span class='ocrx_word' id='word_1_339' title='bbox 1119 2869 1163 2905; x_wconf 90' lang='lat' dir='ltr'>P.</span> <span class='ocrx_word' id='word_1_340' title='bbox 1188 2868 1406 2916; x_wconf 88' lang='lat' dir='ltr'>Canisium,</span> <span class='ocrx_word' id='word_1_341' title='bbox 1431 2880 1453 2915; x_wconf 91' lang='lat'>9</span> <span class='ocrx_word' id='word_1_342' title='bbox 1478 2867 1606 2904; x_wconf 88' lang='lat' dir='ltr'>Martii</span> <span class='ocrx_word' id='word_1_343' title='bbox 1634 2867 1740 2913; x_wconf 83' lang='grc'><strong>1560,</strong></span> <span class='ocrx_word' id='word_1_344' title='bbox 1764 2878 1814 2902; x_wconf 86' lang='lat' dir='ltr'>ex</span> 
     </span>
     <span class='ocr_line' id='line_1_35' title="bbox 168 2924 1817 2974; baseline 0 -14"><span class='ocrx_word' id='word_1_345' title='bbox 168 2924 445 2961; x_wconf 88' lang='lat' dir='ltr'>commissione</span> <span class='ocrx_word' id='word_1_346' title='bbox 463 2926 567 2962; x_wconf 88' lang='lat' dir='ltr'>data.</span> <span class='ocrx_word' id='word_1_347' title='bbox 587 2927 683 2962; x_wconf 91' lang='lat' dir='ltr'>Eam</span> <span class='ocrx_word' id='word_1_348' title='bbox 700 2927 824 2963; x_wconf 89' lang='lat' dir='ltr'>habes</span> <span class='ocrx_word' id='word_1_349' title='bbox 842 2927 946 2974; x_wconf 86' lang='lat' dir='ltr'>apud</span> <span class='ocrx_word' id='word_1_350' title='bbox 963 2929 1320 2971; x_wconf 82' lang='lat' dir='ltr'><strong>BRAUNSBERGER,</strong></span> <span class='ocrx_word' id='word_1_351' title='bbox 1343 2928 1503 2964; x_wconf 70' lang='lat' dir='ltr'>canisii</span> <span class='ocrx_word' id='word_1_352' title='bbox 1516 2928 1662 2974; x_wconf 67' lang='lat' dir='ltr'>Epist„</span> <span class='ocrx_word' id='word_1_353' title='bbox 1680 2927 1731 2972; x_wconf 90' lang='grc' dir='ltr'>ΙΙ,</span> <span class='ocrx_word' id='word_1_354' title='bbox 1746 2925 1817 2961; x_wconf 88' lang='grc'>606</span> 
     </span>
     <span class='ocr_line' id='line_1_36' title="bbox 169 2983 1498 3035; baseline 0.003 -16"><span class='ocrx_word' id='word_1_355' title='bbox 169 2983 254 3019; x_wconf 88' lang='lat'><strong>608.</strong></span> <span class='ocrx_word' id='word_1_356' title='bbox 274 2984 376 3020; x_wconf 91' lang='lat' dir='ltr'>Vide</span> <span class='ocrx_word' id='word_1_357' title='bbox 394 2985 513 3021; x_wconf 85' lang='lat' dir='ltr'>etiam</span> <span class='ocrx_word' id='word_1_358' title='bbox 530 2986 580 3021; x_wconf 89' lang='lat' dir='ltr'>de</span> <span class='ocrx_word' id='word_1_359' title='bbox 599 2985 738 3022; x_wconf 88' lang='lat' dir='ltr'>eodem</span> <span class='ocrx_word' id='word_1_360' title='bbox 757 2987 982 3034; x_wconf 88' lang='lat' dir='ltr'>Ambrosio,</span> <span class='ocrx_word' id='word_1_361' title='bbox 1001 2987 1096 3023; x_wconf 89' lang='lat' dir='ltr'>ibid.</span> <span class='ocrx_word' id='word_1_362' title='bbox 1117 2999 1234 3035; x_wconf 89' lang='lat' dir='ltr'>pagg.</span> <span class='ocrx_word' id='word_1_363' title='bbox 1258 2987 1339 3034; x_wconf 89' lang='lat'>139,</span> <span class='ocrx_word' id='word_1_364' title='bbox 1359 2994 1398 3023; x_wconf 90' lang='lat' dir='ltr'>et</span> <span class='ocrx_word' id='word_1_365' title='bbox 1420 2996 1498 3032; x_wconf 86' lang='lat'>159.</span> 
     </span>
    </p>

    <p class='ocr_par' dir='ltr' id='par_1_11' title="bbox 173 3045 1817 3152">
     <span class='ocr_line' id='line_1_37' title="bbox 244 3045 1817 3094; baseline 0 -15"><span class='ocrx_word' id='word_1_366' title='bbox 244 3046 254 3066; x_wconf 86' lang='lat'>¹</span> <span class='ocrx_word' id='word_1_367' title='bbox 305 3045 478 3090; x_wconf 85' lang='lat' dir='ltr'>Joannes</span> <span class='ocrx_word' id='word_1_368' title='bbox 496 3045 684 3081; x_wconf 84' lang='lat' dir='ltr'>Albertus</span> <span class='ocrx_word' id='word_1_369' title='bbox 704 3046 1008 3093; x_wconf 86' lang='lat' dir='ltr'>Widmanstadt,</span> <span class='ocrx_word' id='word_1_370' title='bbox 1026 3047 1076 3082; x_wconf 90' lang='lat' dir='ltr'>de</span> <span class='ocrx_word' id='word_1_371' title='bbox 1099 3059 1176 3094; x_wconf 91' lang='lat' dir='ltr'>quo</span> <span class='ocrx_word' id='word_1_372' title='bbox 1196 3047 1286 3083; x_wconf 89' lang='lat' dir='ltr'>vide</span> <span class='ocrx_word' id='word_1_373' title='bbox 1308 3048 1524 3088; x_wconf 85' lang='lat' dir='ltr'><strong>POLANCO‚</strong></span> <span class='ocrx_word' id='word_1_374' title='bbox 1562 3045 1730 3087; x_wconf 80' lang='lat' dir='ltr'>Chron.‚</span> <span class='ocrx_word' id='word_1_375' title='bbox 1766 3045 1817 3090; x_wconf 90' lang='lat' dir='ltr'>V,</span> 
     </span>
     <span class='ocr_line' id='line_1_38' title="bbox 173 3104 921 3152; baseline 0.004 -13"><span class='ocrx_word' id='word_1_376' title='bbox 173 3111 258 3151; x_wconf 85' lang='lat'>271,</span> <span class='ocrx_word' id='word_1_377' title='bbox 275 3109 407 3141; x_wconf 84' lang='lat' dir='ltr'>annot.</span> <span class='ocrx_word' id='word_1_378' title='bbox 427 3113 463 3149; x_wconf 83' lang='lat'>23</span> <span class='ocrx_word' id='word_1_379' title='bbox 483 3110 524 3142; x_wconf 90' lang='lat' dir='ltr'>et</span> <span class='ocrx_word' id='word_1_380' title='bbox 541 3105 611 3152; x_wconf 92' lang='lat' dir='ltr'>IV,</span> <span class='ocrx_word' id='word_1_381' title='bbox 629 3104 713 3152; x_wconf 89' lang='lat'><strong>236,</strong></span> <span class='ocrx_word' id='word_1_382' title='bbox 732 3111 864 3143; x_wconf 86' lang='lat' dir='ltr'>annot.</span> <span class='ocrx_word' id='word_1_383' title='bbox 885 3115 921 3142; x_wconf 87' lang='lat'>2.</span> 
     </span>
    </p>
   </div>
  </div>
 </body>
</html>
