2028 3484
272 265 341 303 288
841 263 980 300 EPIST.
1007 263 1051 299 P.
1080 261 1353 317 NmmL—73¹

269 366 342 428 [ci]
363 367 487 412 aiuta
508 373 554 412 et
576 372 825 424 augmenta
846 366 876 409 1’
901 366 1025 409 buon
1048 363 1198 409 animo
1215 365 1301 409 che
1317 363 1552 422 pensiamo
1568 363 1713 409 chela
1729 377 1813 408 sua
1828 377 1911 421 pa-

272 444 437 491 ternita
457 446 517 488 ha
537 446 711 488 hauuto
733 458 912 501 sempre
934 457 1022 486 con
1042 442 1087 486 13
1113 441 1412 499 Compagnia.
1744 452 1746 454 ’

359 534 404 576 4.
468 521 725 566 Habbiamo
746 521 903 565 basate
923 520 967 565 le
988 518 1110 562 mani
1131 519 1174 563 al
1194 534 1244 564 re
1269 520 1299 572 ¹,
1325 526 1371 563 et
1392 519 1430 563 si
1451 520 1511 563 ha
1531 519 1671 563 molto
1697 518 1899 562 consola-

272 607 335 652 to,
355 597 628 645 offerendosi
643 598 689 642 di
706 612 861 642 nuouo
877 612 957 654 per
973 602 1163 653 patrone
1179 603 1225 642 et
1241 603 1462 653 protettor
1471 596 1590 641 della
1606 594 1905 653 Compagnia,

270 683 317 723 et
337 676 531 722 dicendo
552 677 638 721 che
659 674 924 733 parlassimo
952 673 1023 717 001
1051 675 1181 718 Rmo.
1207 673 1482 719 laubacense
1509 672 1556 717 in
1584 679 1705 718 tutto
1731 673 1761 716 l’
1786 678 1908 717 resto

272 755 359 799 che
386 753 629 799 accadeua.

361 841 402 887 5.
468 830 725 875 Habbiamo
747 830 947 874 anchora
967 827 1113 872 basati
1133 827 1165 871 li
1186 828 1308 873 mani
1335 828 1378 872 al
1406 829 1537 872 Rmo.
1562 827 1609 872 di
1636 828 1852 885 Augusta
1873 828 1907 881 ²,

271 909 302 952 il
323 909 457 965 quale
478 922 621 965 penso
643 907 810 964 partira
831 906 1024 950 domane
1044 920 1071 949 a
1092 906 1237 950 Roma
1264 906 1337 949 col
1363 907 1493 950 Rmo.
1526 905 1701 963 legato,
1728 911 1774 950 et
1801 905 1912 962 pero

272 986 374 1030 dieo
409 986 706 1030 breuemente
728 984 879 1040 quello
901 983 976 1026 ch'
1006 981 1044 1026 si
1072 997 1164 1039 puo
1192 982 1430 1040 negotiare
1461 997 1548 1026 con
1577 983 1672 1027 Sua
1699 980 1912 1039 Signoria

272 1066 401 1108 Rma.
427 1068 640 1120 presente
660 1061 707 1104 in
730 1063 889 1114 Roma,
915 1066 961 1105 et
988 1061 1014 1104 e
1042 1060 1350 1109 cheessendo
1376 1059 1543 1117 partito
1564 1059 1596 1103 il
1625 1059 1772 1104 Padre
1800 1071 1912 1102 con-

274 1141 446 1185 fessore
467 1139 514 1183 di
534 1138 753 1195 Dillinga‚
779 1152 862 1182 sua
883 1139 1012 1182 Rma.
1038 1136 1254 1195 Signoria
1275 1137 1413 1182 credo
1434 1139 1494 1182 ha
1520 1137 1746 1183 necessita
1764 1136 1810 1179 d’
1845 1136 1911 1180 31-

272 1231 391 1261 0003
411 1231 606 1274 persona
626 1230 707 1273 per
728 1229 935 1273 gouerno
956 1214 1002 1257 di
1024 1215 1131 1272 quel
1152 1214 1362 1272 collegiO,
1387 1221 1434 1260 et
1460 1215 1606 1259 anche
1633 1214 1672 1257 si
1698 1215 1758 1258 ha
1785 1214 1912 1258 detto

271 1296 345 1339 ch'
369 1294 596 1339 uorrebbe
616 1292 733 1338 dieei
754 1307 782 1336 o
803 1291 965 1337 dodeci
985 1292 1031 1336 di
1052 1292 1195 1336 nostri
1216 1293 1303 1338 che
1323 1292 1519 1336 stassino
1539 1291 1587 1336 in
1609 1292 1840 1349 Augusta,
1865 1297 1912 1336 et

272 1373 409 1416 etiam
430 1372 490 1416 ha
518 1371 672 1415 buona
702 1370 887 1414 volonta
918 1370 963 1413 d'
997 1369 1160 1413 aiutar’
1193 1369 1226 1413 il
1255 1369 1453 1427 collegio
1484 1368 1762 1427 germanico,
1796 1375 1843 1414 et
1873 1367 1912 1412 si

272 1447 442 1495 excuso
463 1462 550 1492 con
570 1447 647 1492 noi
668 1448 715 1491 d’
739 1462 831 1491 non
851 1448 1009 1493 hauer’
1029 1446 1232 1504 prouisto
1248 1447 1367 1492 della
1381 1446 1613 1504 prouision
1630 1461 1714 1491 sua
1729 1445 1913 1490 ordina-

271 1526 353 1580 ria,
379 1526 695 1583 promettendo
717 1526 789 1568 ch’
815 1539 902 1568 con
924 1539 1063 1569 usura
1084 1525 1353 1581 prouedera.
1651 1523 1653 1525 ’

362 1604 405 1647 6.
473 1603 558 1647 Col
586 1602 705 1646 duca
740 1602 798 1646 de
827 1601 1023 1646 Bauiera
1059 1602 1074 1623 ⁵
1112 1616 1205 1647 non
1241 1603 1438 1647 hauemo
1473 1604 1648 1647 hauuto
1685 1608 1837 1659 tempo
1863 1601 1910 1644 d’

270 1681 460 1739 parlare,
500 1695 559 1725 ne
595 1680 667 1723 eol
703 1693 788 1723 suo
823 1678 1066 1724 secretario
1103 1682 1150 1724 M
1157 1690 1196 1723 ‚0
1229 1679 1450 1734 HenriCO,
1489 1680 1657 1737 perche
1693 1680 1719 1724 ἐ·
1745 1679 1913 1724 andato

232 1767 234 1769 '
272 1756 428 1803 auanti
441 1771 521 1813 per
537 1755 754 1814 allogiare
766 1755 796 1799 li
813 1756 920 1800 duoi
937 1756 1170 1811 cardinali,
1189 1757 1343 1815 legato
1359 1764 1406 1803 et
1421 1764 1695 1814 augustano,
1715 1758 1789 1801 ch’
1807 1771 1912 1814 par-
1988 1796 1991 1800 .

271 1835 366 1879 tino
387 1835 580 1880 domane
599 1834 754 1878 auanti
776 1835 807 1876 l’
832 1833 1011 1891 giorno,
1035 1849 1108 1879 ma
1130 1835 1190 1879 ha
1210 1835 1384 1892 parlato
1405 1835 1435 1878 l’
1454 1836 1571 1878 duca
1591 1835 1624 1878 1’
1642 1835 1810 1892 legato,
1830 1834 1911 1880 de-

271 1912 512 1957 siderando
534 1912 608 1956 ch’
632 1925 724 1955 uno
746 1911 791 1954 di
813 1910 889 1955 noi
911 1911 1092 1956 andassi
1115 1927 1142 1956 a
1169 1911 1468 1969 Ingolstadio,
1500 1919 1545 1957 et
1572 1911 1616 1956 io
1646 1926 1779 1969 spero
1807 1926 1912 1969 par-

272 1989 386 2044 larli,
406 2004 434 2033 o
451 1990 563 2042 solo,
588 2003 616 2033 o
637 2003 724 2032 con
747 1990 839 2033 M.0
867 1989 1066 2046 Laynez,
1086 1988 1124 2033 si
1141 1989 1367 2046 possiamo
1388 1989 1543 2035 auanti
1563 1990 1606 2034 13
1626 1989 1791 2047 partita
1811 2003 1909 2034 sua.

362 2073 404 2122 7.
470 2067 504 2111 Il
526 2068 656 2111 Rmo.
677 2066 830 2123 legato
847 2066 933 2110 col'
954 2066 1155 2111 cardinal
1171 2067 1215 2110 d'
1235 2067 1453 2124 Augusta
1468 2066 1506 2111 si
1523 2067 1701 2124 partino
1722 2067 1915 2112 domane

270 2145 426 2190 auanti
447 2146 477 2188 1’
502 2144 680 2202 giorno,
706 2151 752 2189 et
774 2144 882 2188 duoi
905 2144 1054 2202 giomi
1076 2144 1198 2202 dipoi
1214 2144 1253 2189 si
1275 2144 1446 2202 partira
1466 2145 1759 2203 monsignore
1788 2144 1915 2190 vica—

271 2223 339 2267 rio
361 2223 377 2244 ⁴
400 2237 488 2267 con
509 2223 552 2266 13
569 2221 798 2279 famegfia,
819 2229 864 2267 et
886 2237 973 2266 con
990 2237 1073 2267 sua
1090 2222 1202 2268 S.ria
1218 2222 1256 2267 si
1277 2222 1446 2280 partira
1467 2223 1498 2266 il
1521 2225 1573 2267 Ρ.
1595 2226 1642 2270 M
1649 2234 1688 2268 ‚0
1713 2224 1912 2281 Laynez,

271 2301 302 2344 il
326 2300 461 2358 quale
482 2300 681 2346 secondo
697 2300 727 2342 l’
748 2299 906 2344 ordine
923 2300 969 2343 d'
991 2306 1145 2344 uostra
1163 2299 1261 2344 Ρ.ῒὲι
1284 2307 1330 2345 et
1345 2301 1389 2344 13
1406 2301 1592 2345 uolonta
1606 2301 1681 2346 del
1696 2302 1827 2345 Rmo.
1847 2301 1914 2345 le-

270 2385 398 2436 gato,
425 2384 557 2422 torna
578 2391 605 2420 a
626 2378 661 2421 F
665 2376 833 2430 irenza,
859 2384 904 2422 et
925 2376 970 2421 io
996 2378 1205 2423 uedendo
1226 2378 1270 2421 13
1290 2377 1456 2435 partita
1476 2377 1522 2421 di
1545 2377 1693 2434 questi
1721 2377 1910 2435 signori,

272 2455 498 2501 consultai
526 2469 612 2499 con
641 2456 733 2499 M.0
760 2456 956 2511 Laynes,
987 2462 1033 2500 et
1059 2455 1246 2499 mostrai
1277 2456 1320 2499 13
1347 2455 1594 2501 medesima
1621 2455 1912 2501 instruttione

271 2534 386 2579 della
416 2547 551 2577 mano
588 2532 662 2577 del
701 2533 753 2575 Ρ.
791 2533 991 2577 Polanco
1023 2548 1049 2577 a
1080 2532 1373 2590 monsignore
1405 2535 1533 2577 Rmo.
1569 2534 1723 2590 legato
1753 2540 1800 2579 et
1830 2548 1912 2578 sua

273 2610 384 2656 Syia
402 2612 548 2664 R.ma,
579 2609 653 2653 ch’
684 2608 761 2666 gia
791 2609 946 2653 auanti
968 2612 1149 2655 haueua
1179 2610 1436 2667 significata
1467 2612 1539 2654 ch'
1573 2609 1619 2654 io
1651 2610 1835 2656 restassi
1865 2610 1912 2654 in

348 2790 359 2810 ¹
411 2786 682 2824 Ferdinandus
705 2787 737 2833 1,
762 2798 832 2823 rex
856 2799 1126 2836 romanorum,
1151 2788 1192 2825 in
1216 2789 1361 2826 nostris
1384 2790 1670 2828 MONUMENTls
1693 2790 1918 2840 frequenter

278 2847 473 2884 laudatus.

344 2909 359 2929 ²
410 2906 508 2945 Otto
525 2907 743 2944 Truchsess
761 2907 810 2943 de
830 2908 1062 2956 waldburg.

346 2967 361 2988 ⁵
413 2967 602 3003 Albertus
620 2967 668 3004 V,

343 3027 358 3048 ⁴
409 3026 632 3063 Ludovicus
662 3027 895 3074 Beccatelli,
922 3028 1196 3074 bononiensis,
1231 3029 1464 3066 rabellensis
1495 3029 1715 3078 episcopus.
1746 3029 1808 3067 Cf.
1837 3030 1913 3068 Po-

272 3093 427 3131 LANCO,
450 3086 617 3130 Chron„
632 3087 682 3135 V,
701 3085 785 3134 263,
805 3092 937 3124 annot.
957 3087 992 3124 6.
