2098 3484
833 298 876 335 19
902 289 1018 336 Jmm
1046 297 1134 334 1551
1743 297 1810 334 107

248 406 284 437 1.
308 404 310 407 ’
352 393 518 446 Padre,
550 380 934 436 ordinariamente
959 393 1021 434 ho
1049 390 1220 447 scripto
1247 391 1336 434 alla
1366 392 1425 435 P:
1447 392 1504 435 V.
1538 390 1648 448 ogni
1677 392 1808 435 setti—

148 485 303 524 mana,
329 477 521 527 excepto
542 471 586 514 la
617 468 856 526 prossima,
887 470 973 512 che
1001 467 1112 533 dissi
1140 484 1167 512 a
1189 470 1301 513 Μ.ῐο
1329 468 1566 512 Α1111101110
1594 457 1807 513 scriuessi

152 547 234 601 lui,
260 554 306 592 et
327 548 459 591 laltra
480 549 566 591 che
587 546 965 591 disambarcando
986 545 1034 589 in
1057 547 1266 590 Palermo
1288 561 1370 603 per
1391 545 1549 589 uisitar
1571 545 1603 589 11
1626 547 1805 599 fratelli,

150 625 265 670 dissi
286 641 314 669 a
334 627 440 670 Don
465 625 610 669 Paulo
635 626 646 647 ¹
671 626 758 669 che
779 623 1009 679 scriuessi,
1029 630 1076 668 et
1093 623 1326 681 giunsimo
1349 639 1440 681 qua
1455 638 1482 667 a
1497 623 1557 680 vij
1582 623 1628 666 di
1645 632 1808 680 questo

152 718 278 747 mese
299 703 330 746 11
350 703 519 755 vicere,
544 703 698 747 donna
725 702 917 746 Isabella
945 703 979 756 ²,
1005 716 1032 746 e
1060 708 1179 745 tutta
1200 702 1245 745 13
1266 708 1408 755 60116,
1441 688 1494 746 et>
1515 700 1577 744 mi
1605 701 1808 745 consolai

148 781 483 837 grandemente
505 781 580 825 nel
603 780 800 837 Signore
822 794 911 823 con
931 779 963 822 li
987 779 1166 832 fratelli,
1196 786 1243 823 et
1270 779 1344 823 del
1371 779 1584 837 collegio,
1615 787 1662 823 et
1688 780 1807 823 della

145 872 257 902 casa
277 858 324 901 di
345 858 630 916 probatione,
655 858 867 903 uedendo
888 857 919 900 il
941 858 1062 901 bono
1084 872 1236 901 essere
1257 858 1354 901 loro
1376 858 1428 900 in
1445 861 1636 914 utroque
1657 857 1806 900 homi-

148 950 220 989 ne,
243 936 273 978 l’
299 935 474 990 ordine,
499 943 546 980 et
572 937 666 979 bon
697 950 922 993 gouerno.
955 936 1055 979 Che
1082 934 1129 978 in
1159 942 1279 978 tutto
1301 942 1348 979 et
1375 949 1458 992 per
1480 942 1600 978 tutto
1622 934 1690 978 sia
1710 934 1806 978 rin—

144 1013 347 1070 gratiato
367 1013 398 1056 il
420 1013 634 1071 Signore,
659 1015 852 1062 authore
872 1014 915 1056 d'
939 1012 1050 1070 ogni
1073 1014 1205 1057 bene.
1847 1013 1850 1016 ’

239 1104 282 1136 2.
347 1092 480 1136 Delle
508 1106 617 1136 cose
644 1098 691 1136 et
716 1091 956 1136 ministerii
984 1091 1032 1134 in
1060 1093 1147 1135 che
1174 1091 1206 1134 il
1235 1090 1434 1148 Signore
1461 1090 1523 1134 mi
1552 1092 1728 1148 occupo
1756 1090 1804 1134 in

145 1170 361 1226 Trapana
381 1169 584 1214 scriuero
606 1171 902 1215 breuemente
924 1170 1012 1213 alla
1035 1172 1088 1213 P.
1115 1170 1173 1214 V.
1199 1169 1249 1214 Si
1272 1169 1432 1224 fundo,
1457 1183 1538 1225 per
1559 1168 1708 1226 gratia
1728 1169 1805 1227 ,del

146 1246 362 1304 Signore,
380 1263 444 1290 vn
465 1247 739 1292 monasterio
755 1247 802 1290 di
823 1247 1080 1291 conuertite
1099 1246 1148 1290 in
1169 1247 1322 1303 quella
1348 1246 1475 1300 61113,
1506 1246 1581 1290 1161
1607 1247 1742 1302 quale
1763 1249 1801 1290 s’

144 1325 210 1390 ha
230 1325 440 1369 ordinato
461 1324 500 1369 si
522 1325 678 1382 possin
698 1325 875 1369 riceuer
896 1326 1050 1369 donne
1075 1339 1207 1368 come
1228 1325 1303 1368 nel
1324 1323 1600 1368 monasterio
1627 1323 1674 1367 di
1695 1339 1803 1368 san-

145 1409 224 1446 cta
244 1404 392 1464 Marta
413 1404 446 1458 ⁵;
467 1410 514 1448 et
535 1402 573 1447 si
590 1418 916 1460 procurarono,
937 1404 1028 1447 ben
1045 1404 1131 1447 che
1147 1417 1235 1446 con
1252 1403 1394 1446 molta
1409 1401 1647 1457 difficulta,
1667 1401 1798 1446 limo-

142 1480 246 1525 sine
275 1495 356 1538 per
383 1480 533 1537 questi
569 1480 777 1538 principii
806 1480 926 1525 assai
962 1482 1098 1534 bone,
1139 1487 1186 1524 et
1212 1480 1260 1523 in
1296 1481 1438 1524 breue
1456 1479 1503 1524 ‘si
1531 1494 1663 1537 spera
1699 1482 1802 1523 sara

143 1558 286 1602 molto
318 1559 408 1602 ben
444 1559 601 1602 dotato
638 1558 926 1616 aggiutando
953 1559 1050 1603 Sua
1077 1559 1218 1602 Exc.a
1243 1558 1259 1579 ⁴
1289 1572 1378 1602 con
1409 1564 1534 1602 certa
1572 1557 1800 1614 composi—

144 1635 271 1680 tione
292 1636 411 1680 della
432 1643 573 1680 corte.
600 1637 647 1680 Io
674 1636 707 1680 li
729 1635 816 1680 feci
843 1636 875 1679 li
902 1636 1090 1693 capituli
1117 1635 1164 1680 di
1193 1643 1314 1680 tutto
1335 1637 1380 1680 lo
1407 1635 1567 1680 ordine
1593 1637 1680 1690 che
1707 1637 1800 1691 11311

142 1713 191 1755 d’
215 1714 402 1767 hauere,
428 1720 474 1758 et
494 1714 538 1758 la
560 1714 920 1771 congregatione
941 1714 987 1757 di
1009 1713 1329 1771 gentilhomini
1351 1715 1438 1758 che
1459 1715 1551 1757 han
1578 1713 1624 1756 di
1646 1719 1798 1757 atten-

142 1790 227 1834 der
263 1792 338 1835 all’
370 1791 528 1836 ordine
557 1792 821 1849 temporale,
853 1799 900 1836 et
927 1807 1067 1849 supra
1095 1791 1203 1835 tutti
1237 1806 1370 1849 parse
1396 1793 1482 1836 che
1516 1791 1629 1836 fussi
1659 1806 1799 1848 supe—

143 1867 263 1912 riore
286 1869 401 1913 frate
416 1870 591 1928 Jacobo
618 1870 676 1914 de
698 1869 914 1927 Eugubio
943 1871 976 1922 ¹⁵,
1002 1884 1196 1926 persona
1217 1870 1338 1914 bona
1365 1877 1412 1914 et
1433 1869 1479 1912 di
1501 1870 1594 1913 bon
1616 1869 1729 1923 zelo,
1756 1869 1795 1913 al

142 1946 279 2001 quale
300 1946 332 1989 il
354 1946 551 2004 Signore
572 1948 632 1991 ha
653 1947 762 1991 dato
778 1947 826 1990 in
847 1947 1000 2004 quella
1017 1954 1138 1991 terra
1158 1948 1299 1999 molto
1321 1949 1473 1991 fructo
1495 1947 1601 1991 nell’
1627 1946 1792 1991 anime.
1873 2002 1876 2005 y

142 2024 286 2080 Spero
328 2023 360 2066 il
402 2024 600 2082 Signore
641 2025 752 2070 dara
793 2033 1044 2082 augmento
1087 2025 1162 2068 alli
1205 2024 1413 2082 principii
1455 2024 1654 2082 pichioli.
1701 2026 1797 2080 Sua

142 2101 283 2144 Exe.a
309 2102 370 2145 ha
390 2102 533 2146 molto
551 2103 643 2146 bon
660 2101 813 2146 animo
831 2103 874 2145 d'
892 2101 1171 2159 aggiutarlo,
1191 2109 1238 2147 et
1254 2103 1298 2146 13
1315 2103 1413 2148 S.ra
1435 2103 1589 2146 donna
1605 2102 1797 2145 Isabella

137 2178 200 2221 113
220 2177 411 2235 pigliato
432 2180 476 2223 13
491 2179 748 2236 protection
769 2179 815 2223 di
838 2180 1011 2236 quello.

230 2269 272 2311 3.
338 2256 388 2301 Si
412 2258 510 2301 fece
533 2259 680 2302 anche
705 2273 797 2301 vna
824 2257 1046 2315 diligente
1076 2257 1348 2308 executione
1375 2265 1536 2302 contro
1563 2257 1595 2300 li
1623 2257 1795 2314 publici

135 2339 185 2376 et
212 2333 381 2377 notorii
418 2334 746 2388 concubinarii,
778 2342 825 2379 et
861 2334 1124 2391 componuti
1162 2334 1291 2378 molti
1328 2350 1355 2379 a
1386 2336 1483 2379 dar’
1514 2334 1724 2378 limosine
1751 2335 1793 2378 al

137 2411 431 2466 monasterio,
466 2419 513 2455 et
535 2412 745 2456 ordinato
767 2414 853 2456 che
884 2413 928 2456 le
950 2411 1206 2456 concubine
1240 2412 1415 2467 fussino
1446 2412 1687 2470 aggiutate
1718 2412 1793 2456 nel

135 2488 429 2543 monasterio,
453 2488 602 2533 insino
625 2505 651 2533 a
674 2491 793 2534 farse
813 2491 1036 2534 monache
1058 2504 1085 2533 o
1105 2504 1215 2534 vero
1237 2491 1606 2534 accommodarse
1628 2490 1686 2533 ad
1706 2492 1766 2533 ho
1784 2517 1791 2521 -

122 2571 424 2609 ·nestamente
446 2566 591 2610 uiuer’
615 2568 736 2612 nella
763 2567 889 2612 citta.
1179 2620 1181 2626 Ι

227 2655 271 2697 4.
338 2644 384 2688 S'
403 2645 598 2688 36601ᾶό
620 2646 768 2688 anche
790 2647 876 2688 che
898 2644 935 2688 si
957 2644 1121 2688 facessi
1143 2659 1236 2689 una
1257 2644 1582 2689 confraternita
1606 2645 1663 2688 de
1684 2660 1790 2701 per*

138 2733 250 2763 sone
277 2720 540 2778 principale,
582 2729 628 2765 et
655 2723 742 2766 che
768 2721 807 2765 si
836 2721 1006 2779 potessi
1043 2722 1214 2766 intrare
1250 2722 1556 2780 qualsiuoglia
1582 2721 1734 2778 dapoi,
1775 2722 1791 2764 i

207 2873 216 2892 ¹
268 2871 313 2906 P.
333 2872 479 2908 Paulus
495 2871 534 2907 d'
551 2872 730 2908 Achillis.

203 2933 218 2952 2
269 2931 452 2978 Proregis
468 2931 562 2967 filia.

204 2992 219 3012 ³
269 2991 334 3027 Sc.
354 2991 493 3027 domus
510 3004 787 3028 conversarum
807 3005 829 3028 a
847 2992 888 3028 S.
910 2992 1065 3038 Ignatio
1082 2993 1230 3029 Romae
1247 2993 1441 3030 instituta.

208 3052 224 3072 ⁴
273 3051 448 3087 Prorexs

203 3112 250 3150 ‘s
269 3111 495 3158 Religiosus
512 3111 563 3150 O.
583 3113 624 3149 S.
644 3113 688 3149 F.
