2020 3464
877 293 1099 330 APPENDm
1735 291 1805 329 813

168 393 248 435 P.e
276 389 535 434 Prouincial
557 390 631 434 del
652 389 780 434 reino
801 391 859 435 de
882 389 1054 434 Toledo
1077 403 1166 445 que
1187 389 1231 432 lo
1248 389 1384 446 pidan
1401 393 1427 432 a
1444 390 1502 433 V.
1526 391 1599 442 P„
1619 404 1649 445 y
1665 391 1805 433 ahora

167 457 430 507 represento
457 454 484 493 a
513 451 570 494 V.
604 452 657 493 P.
690 465 766 506 my
793 450 931 494 deseo
963 464 1053 505 que
1075 463 1234 505 espero
1262 463 1352 504 que
1379 453 1480 492 sera
1501 463 1609 505 para
1636 450 1804 492 mucho

168 509 276 554 bien
297 510 566 554 demuchos
587 524 618 565 y
639 511 805 553 mucho
826 508 1020 553 seruicio
1041 508 1099 552 de
1126 515 1314 552 nuestro
1336 509 1539 553 Sefior...
1576 510 1605 551 ¹.

961 575 1020 608 27

261 630 337 671 Ex
353 629 437 671 litt.
458 628 690 685 quadrim.
710 628 950 671 Bernardz‘
966 627 1142 683 Crespi.
1166 627 1578 684 Caesaraugustae,
1595 638 1650 681 31
1663 628 1808 683 Apri-

173 689 231 731 lis
260 690 509 743 1562.—...
541 689 800 740 Caeterum,
833 687 950 730 inter
978 688 1112 738 haec,
1144 685 1368 729 industria
1395 685 1631 730 cuiusdam
1660 687 1809 731 Patris

173 750 219 792 et
240 747 430 791 consilio
452 746 553 790 Rdi.
583 746 731 790 Patris
752 744 1047 790 commissarii
1068 744 1274 801 magistri
1297 744 1471 789 Natalis
1500 745 1592 801 (qui
1613 760 1668 789 eo
1691 753 1807 791 tem—

171 821 281 863 pore
302 807 423 863 apud
443 821 527 849 nos
555 806 779 863 manebat)
808 805 1083 848 interclusus
1111 811 1181 848 est
1207 804 1357 848 aditus
1379 804 1559 847 cuidam
1587 805 1808 862 singulari

171 865 403 910 certamini
425 865 543 909 inter
566 872 761 920 quatuor
782 864 976 916 nobiles,
1010 863 1088 919 qui
1110 864 1167 906 ad
1188 863 1300 906 illud
1322 864 1502 908 fuerant
1523 864 1736 918 lacessiti,
1762 872 1808 910 et

170 939 327 969 eorum
349 939 467 968 vnus
489 940 545 969 ex
566 924 863 967 nobilioribus
884 922 1016 980 regni
1037 922 1259 979 primariis
1287 923 1376 966 iam
1398 938 1448 967 se
1470 923 1527 966 ad
1547 924 1698 967 locum
1720 939 1808 981 pu—

98 1020 101 1022 .
171 999 291 1042 gnae
312 983 588 1029 destinatum
617 985 925 1027 contulerat...
957 984 990 1026 ³.

962 1047 1020 1083 28

259 1104 335 1147 Ex
351 1104 435 1146 litt.
456 1104 689 1160 quadrim.
710 1103 968 1161 Bonifacii.
983 1102 1284 1158 Metlzymnae,
1298 1113 1353 1156 31
1362 1103 1542 1158 Aprilis
1554 1105 1762 1158 1562.——.
1775 1137 1803 1146 ..

173 1163 418 1207 Aduentus
456 1162 604 1206 Patris
641 1162 847 1219 magistri
888 1161 1064 1206 Natalis
1106 1176 1252 1205 nouos
1294 1163 1514 1218 quosdam
1550 1163 1810 1207 domesticis

173 1223 350 1266 cunctis
377 1221 550 1266 addidit
577 1221 784 1278 spiritus,
815 1229 861 1266 et
888 1222 946 1264 ad
972 1220 1146 1264 firmius
1174 1220 1222 1263 in
1249 1221 1325 1264 uia
1354 1221 1534 1264 uirtutis
1561 1221 1810 1278 persisten-

173 1283 300 1337 dum,
324 1291 370 1326 et
392 1281 596 1327 uelocius
617 1281 1017 1339 progrediendum,
1042 1295 1126 1324 nos
1147 1295 1305 1324 omnes
1326 1280 1589 1324 incitauit...
1615 1283 1647 1326 ⁵,

963 1348 1022 1382 29

263 1402 340 1444 Ex
370 1402 453 1444 litt.
490 1401 722 1457 quadrim.
760 1401 1051 1443 Bernardini
1082 1400 1136 1442 de
1172 1400 1354 1443 Acosta.
1394 1400 1715 1455 Salmanticae,
1754 1413 1810 1457 31

174 1461 352 1518 Aprilis
382 1460 685 1516 1562.—...in
711 1459 798 1512 his,
831 1467 881 1502 vt
908 1459 956 1502 in
984 1458 1174 1503 caeteris
1196 1458 1332 1502 etiam
1360 1460 1512 1513 rebus,
1539 1461 1596 1505 ab
1633 1461 1805 1515 ordine,

174 1535 308 1576 quem
338 1522 474 1564 Pater
500 1519 717 1576 magister
746 1519 920 1563 Natalis
947 1518 1253 1575 praescripsit,
1284 1533 1376 1561 non
1404 1520 1647 1574 receditur,
1678 1521 1811 1577 cujus

171 1587 358 1636 paterna
380 1580 443 1636 (vt
465 1579 611 1623 obiter
632 1579 792 1635 dicam)
816 1578 1089 1631 visitatione,
1110 1577 1334 1634 colloquio
1351 1585 1397 1622 et
1419 1579 1811 1624 exhortationibus

172 1654 264 1682 non
285 1638 571 1683 mediocriter
591 1638 804 1683 delectati
826 1653 1000 1681 sumus.
1027 1638 1114 1682 His
1135 1637 1256 1682 enim
1284 1639 1618 1683 accendebatur
1647 1640 1810 1696 tepidi-

174 1698 259 1751 ta'S,
295 1698 607 1755 stringebatur
634 1698 830 1751 remisio,
861 1698 1144 1741 excitabatur
1171 1697 1359 1754 ignauia
1387 1705 1432 1741 et
1460 1698 1624 1756 ingens
1651 1714 1786 1743 excre
1802 1725 1811 1730 -·

174 1759 330 1801 scebat
359 1757 632 1802 desiderium
661 1757 990 1814 complectendi
1029 1764 1124 1801 toto
1156 1764 1322 1800 conatu
1355 1758 1597 1803 Societatis
1629 1766 1810 1803 nostrae

175 1818 358 1874 regulas
378 1825 425 1861 et
447 1817 704 1862 institutum
727 1818 760 1860 ⁴.

965 1883 1024 1917 30

262 1937 338 1979 Ex
359 1936 443 1980 litt.
464 1936 696 1993 quadrim.
712 1936 885 1993 fratris
907 1935 1061 1979 Orive.
1093 1936 1349 1990 Vallisoletz',
1375 1947 1401 1979 Ι
1422 1937 1545 1993 Maji
1563 1939 1810 1993 1562.·—...

174 2010 201 2039 a
227 2010 371 2052 prono
399 1995 448 2039 in
474 1994 778 2039 obedientiam
807 1995 972 2047 animo,
1005 2002 1050 2039 et
1077 1994 1274 2051 denique
1302 2011 1328 2039 a
1360 1996 1656 2041 solertissima
1683 2011 1808 2051 cura,

174 2069 308 2111 quam
336 2055 384 2098 in
411 2055 734 2112 extinguendis
762 2054 899 2097 animi
936 2054 1136 2098 motibus
1163 2062 1360 2111 ponunt,
1397 2056 1454 2099 ad
1485 2071 1602 2112 quae
1630 2057 1812 2112 quidem

173 2114 324 2159 omnia
345 2114 624 2158 currentium
649 2114 837 2157 fratrum
865 2113 1026 2158 animis
1054 2129 1146 2157 non
1173 2114 1403 2159 mediocre
1431 2117 1580 2160 calcar
1607 2117 1814 2161 adhibuit

171 2174 444 2218 laetissimus
471 2175 529 2218 ad
556 2188 640 2217 nos
677 2173 826 2217 Patris
857 2173 1063 2230 magistri
1091 2173 1266 2218 Natalis
1303 2174 1551 2228 aduentus,
1585 2190 1675 2231 quo
1703 2191 1814 2221 sane

173 2233 336 2277 mirum
365 2233 412 2276 in
439 2234 624 2277 modum
661 2233 896 2277 exhilarati
926 2234 1107 2286 fratres,
1147 2233 1405 2277 sentiebant
1436 2249 1485 2278 se
1521 2237 1814 2281 vehementer

174 2307 390 2337 accensos
406 2294 463 2337 ad
479 2307 612 2336 omne
634 2292 854 2336 virtutum
876 2307 1040 2349 genus,
1060 2299 1106 2336 et
1127 2292 1323 2336 maxime
1345 2294 1402 2336 ad
1424 2293 1633 2339 instituta
1655 2296 1813 2341 Socie-

176 2353 282 2396 tatis
303 2360 484 2396 nostrae
506 2351 779 2395 adamussim
801 2352 1040 2396 seruanda.
1068 2353 1126 2395 Et
1147 2367 1238 2408 quo
1259 2352 1407 2409 magis
1428 2354 1559 2397 nobis
1577 2355 1634 2397 ad
1658 2354 1814 2399 uiuum

178 2427 417 2469 personam
439 2411 608 2455 Christi
630 2412 870 2464 referebat,
896 2426 1003 2468 prae
1025 2426 1209 2455 suarum
1231 2411 1451 2455 virtutum
1479 2414 1734 2469 splendore,
1760 2430 1815 2460 eo

179 2471 393 2515 libentius
415 2471 534 2514 illius
565 2471 697 2515 dictis
719 2472 855 2516 fidem
887 2471 1213 2515 adhibebamus
1241 2478 1287 2515 et
1314 2472 1629 2530 propensiores
1652 2489 1736 2517 nos
1757 2476 1814 2518 ad

181 2530 332 2574 omnia
353 2531 564 2574 habebat.
599 2532 629 2573 ⁵.

973 2596 1023 2631 31

269 2650 345 2691 Ex
366 2649 448 2693 litt.
476 2649 705 2704 quadrim.
729 2648 783 2691 ab
800 2649 1011 2705 Aguirre
1027 2649 1227 2704 scriptis.
1255 2649 1478 2702 Gandiae,
1498 2661 1524 2692 Ι
1540 2650 1663 2707 Maji
1681 2662 1706 2693 Ῑ
1708 2653 1811 2706 562.

180 2733 293 2751 —-...
321 2709 519 2752 Assento
540 2709 657 2766 elP.
683 2710 764 2751 Dr.
802 2708 1042 2761 CordeseS,
1074 2715 1263 2752 nuestro
1292 2708 1561 2765 prouincial,
1592 2711 1658 2754 las
1686 2724 1817 2754 cosas

181 2782 270 2823 que
293 2774 421 2810 traxo
451 2768 525 2811 del
554 2770 605 2810 P.
632 2768 779 2811 Nadal
806 2781 863 2811 en
892 2774 989 2811 este
1017 2767 1229 2824 collegio,
1260 2782 1347 2811 con
1379 2770 1546 2812 mucho
1578 2776 1816 2814 contenta-

179 2826 350 2870 miento
371 2842 401 2883 y
422 2833 559 2883 gusto
581 2827 639 2871 de
661 2827 807 2869 todos.
834 2828 906 2869 ⁶...

255 3045 266 3065 ¹
316 3040 622 3096 Ibid.,fol.441.
1033 3044 1046 3063 ²
1097 3041 1402 3096 Ibid.,fol.231.

254 3092 269 3160 ῑ
317 3088 620 3173 ἐπέ-’ξομ
1032 3091 1047 3158 2
1095 3089 1299 3173 {ri-{0}

367 3145 621 3182 1.,o.240.
1146 3147 1404 3184 1.‚0,2.
