2028 3484
256 259 342 305 -350
851 258 990 294 EPIST.
1017 257 1062 292 P.
1097 254 1346 302 NADAL—93

1055 505 1138 546 93

561 609 728 658 OTTO
759 610 1123 657 ‘TR‘UcHsnss
1155 614 1242 655 ‘DE
1280 618 1634 655 WALDBURG

663 737 673 749 ,a
704 723 707 725 ’
722 714 931 752 cardinalis
950 719 991 750 et
1009 714 1218 762 episcopus
1236 718 1480 760 augustanus

759 831 813 872 P.
835 828 1217 872 HIERONYMO
1236 828 1456 872 NADAL

659 944 896 999 Elvangae
937 943 982 995 ¹,
1030 954 1081 1000 19
1119 941 1323 999 Augusti
1368 939 1548 997 1557·'³.
1587 950 1591 957 “

269 1066 310 1092 1.
334 1056 509 1092 Litteras
525 1067 564 1091 se
582 1056 636 1091 ad
655 1056 703 1090 P.
728 1055 876 1090 Lainez
893 1055 1046 1090 dedisse
1063 1053 1286 1102 significat,
1301 1054 1443 1100 quibus
1462 1054 1629 1089 Patrem
1653 1052 1791 1089 Nadal
1814 1054 1869 1088 ad
1885 1064 1923 1088 se

347 1117 458 1152 mitti
472 1115 752 1163 postulat.—2.
774 1116 882 1150 Eum
900 1115 1022 1150 enixe
1033 1117 1154 1162 rogat
1172 1117 1216 1149 ut
1234 1114 1401 1150 libenter
1418 1115 1462 1150 in
1485 1113 1753 1149 Germaniam
1771 1113 1922 1154 veniat,

347 1187 566 1238 causasque
584 1186 681 1210 suae
696 1174 918 1221 petitioni&
940 1174 985 1209 in
1001 1174 1144 1210 scheda
1161 1173 1326 1209 seorsim
1346 1173 1425 1221 ipsi
1442 1173 1590 1236 aperit.

371 1286 513 1333 Molto
537 1288 655 1332 Rdo.
681 1287 729 1330 in
751 1287 934 1331 Christo
959 1287 1122 1340 Padre,
1148 1293 1236 1332 etc.
1258 1323 1262 1327 .

375 1379 412 1411 1.
480 1366 744 1410 Constretto
781 1365 855 1407 dal
883 1363 1078 1421 bisogno
1106 1365 1192 1409 che
1219 1365 1279 1407 ha
1306 1364 1349 1407 la
1377 1370 1532 1407 nostra
1559 1363 1730 1409 diocesi
1757 1363 1804 1406 d’
1837 1377 1927 1407 una

274 1441 474 1502 persona
496 1440 591 1485 atta
611 1441 836 1486 a'ridurre
857 1440 888 1483 il
909 1442 1031 1486 clero
1053 1441 1098 1484 d'
1124 1455 1225 1486 essa
1247 1456 1273 1484 a
1294 1455 1387 1484 una
1407 1447 1537 1484 santa
1554 1439 1874 1486 reformatione
1891 1441 1924 1492 ⁵,

273 1524 475 1566 hauemo
497 1519 655 1563 scritto
677 1520 720 1563 al
742 1519 857 1562 Rdo.
886 1521 938 1562 P.
966 1519 1148 1575 Laynez
1170 1519 1186 1539 ⁴
1209 1520 1296 1563 che
1316 1518 1347 1560 li
1369 1517 1540 1575 piaccia
1560 1532 1722 1575 operar
1749 1524 1796 1563 et
1817 1532 1929 1561 con.-

353 1654 364 1674 ¹
417 1652 641 1696 «Elvangae
658 1650 924 1695 (Ellwangen,
941 1660 1045 1684 nunc
1063 1648 1248 1695 oppidum
1266 1648 1380 1695 regni
1398 1648 1791 1695 wurtembergensis)
1805 1650 1927 1685 eecle-

272 1710 337 1746 sia
362 1709 594 1756 collegialis,
625 1707 737 1755 cujus
767 1706 1014 1754 praepositus
1047 1707 1202 1754 imperii
1231 1708 1381 1743 romani
1410 1708 1591 1755 princeps
1622 1713 1720 1755 erat,
1751 1709 1926 1756 extabat3

271 1782 396 1817 quam
430 1767 742 1816 praeposituram
775 1767 983 1803 cardinalis
1018 1765 1115 1805 Otto
1145 1768 1345 1803 tenebat.»
1372 1769 1736 1813 BRAUNSBERGER,
1770 1766 1930 1804 canisii

278 1830 429 1877 Epist„
459 1829 510 1872 ΙΙ,
534 1836 615 1872 115.

353 1891 367 1910 ²
418 1889 478 1923 Ex
497 1885 692 1932 originali,
711 1885 752 1921 in
770 1886 900 1933 Epist.
921 1886 1134 1929 diversor„
1155 1887 1233 1922 vol.
1253 1887 1323 1932 M.,
1342 1886 1489 1934 duplici
1506 1886 1590 1931 fol.‚
1613 1895 1680 1922 120
1701 1885 1815 1932 (263).

353 1949 367 1968 ³
419 1947 622 1994 Quantum
652 1946 701 1981 ab
731 1943 939 1981 honestate
969 1950 1010 1981 et
1034 1945 1245 1982 sanctitate
1270 1946 1374 1982 vitae
1399 1946 1612 1982 defecisset
1629 1947 1758 1982 clerus
1784 1946 1825 1982 in
1847 1951 1930 1982 tota

273 2007 404 2043 ferme
423 2005 655 2050 Germania,
677 2017 726 2040 ex
744 2006 789 2040 Β.
810 2005 959 2041 Canisii
977 2005 1119 2042 litteris
1138 2005 1311 2042 ostendit
1328 2006 1372 2042 P.
1393 2007 1737 2042 BRAUNSBERGER
1754 2006 1795 2042 in
1813 2018 1931 2054 opere

274 2072 405 2114 nuper
422 2066 558 2111 citato,
578 2066 656 2101 vol.
671 2065 729 2111 -II,
748 2076 838 2111 pag.
858 2074 934 2112 XX,
954 2065 1058 2101 unde
1076 2077 1199 2113 pauca
1213 2066 1327 2112 juvat
1344 2077 1572 2113 excerpere,
1591 2077 1691 2113 quae
1709 2065 1759 2102 ad
1775 2078 1859 2102 rem
1877 2066 1932 2102 fa-

270 2127 402 2162 ciunt:
424 2124 682 2161 «Sacerdotes
700 2124 900 2160 ministros
919 2130 1184 2172 protestantes
1203 2126 1574 2173 superant'crapula‚
1589 2125 1852 2172 immunditia,
1866 2138 1929 2162 cu-

281 2185 484 2234 piditate».
505 2184 669 2220 «Clerus
688 2184 826 2230 [verba
843 2190 935 2220 sunt
953 2186 998 2220 Β.
1015 2184 1179 2232 Canisii]
1193 2197 1271 2220 non
1285 2186 1371 2221 vult
1384 2197 1478 2221 vere
1491 2185 1732 2221 reformari.»
1747 2185 1931 2234 Episcopi

281 2247 321 2281 in
339 2244 608 2292 septentrione
627 2255 737 2291 spem
755 2243 1045 2280 reformationis
1063 2244 1292 2280 efficiendae
1310 2245 1393 2280 fere
1412 2245 1686 2281 abiecerunt...
1712 2245 1758 2281 In
1782 2245 1931 2293 episco-

282 2310 377 2352 patu
400 2309 619 2351 augustano
645 2303 821 2339 «infinita
845 2304 1067 2350 scandala»,
1094 2306 1245 2341 «clerus
1268 2304 1493 2341 deformis».
1521 2305 1567 2340 In
1592 2306 1688 2341 urbe
1712 2310 1930 2351 augustana

280 2364 396 2400 multi
412 2364 461 2399 de
479 2365 598 2399 rebus
616 2362 736 2398 sacris
755 2367 905 2398 temere
924 2363 1112 2411 iudicant,
1131 2376 1205 2400 nec
1222 2363 1307 2400 dies
1326 2364 1465 2411 festos,
1485 2376 1557 2400 nec
1578 2365 1725 2412 templa
1748 2376 1932 2401 reveren-

277 2430 361 2470 tur,
380 2435 458 2459 non
476 2423 668 2469 ieiunant,
688 2422 954 2458 fenerantur.»
975 2428 1052 2459 ete.
1731 2413 1734 2415 ⁵

354 2485 370 2505 ⁴
419 2482 495 2519 Die
523 2492 546 2528 4
570 2481 743 2528 Augusti
767 2481 883 2528 hujus
913 2482 1020 2528 anni,
1045 2484 1143 2519 haec
1166 2483 1365 2519 scribebat
1384 2483 1592 2519 cardinalis
1615 2475 1859 2530 augustanus
1883 2483 1932 2520 ad

283 2545 328 2579 Β.
349 2542 565 2579 Canisium:
588 2542 672 2577 «De
690 2541 894 2588 Theologo
918 2554 1049 2578 coram
1073 2554 1162 2578 cum
1187 2545 1237 2579 D.
1263 2543 1312 2578 V.
1337 2543 1484 2579 diutius
1509 2554 1638 2589 agam.
1666 2544 1779 2579 Mitto
1805 2544 1932 2579 Reue-

278 2602 406 2638 rendo
424 2604 474 2649 D.
496 2602 656 2649 Laynez
673 2606 869 2636 cum'meo
893 2602 1082 2639 fasciculo
1106 2603 1240 2639 literas
1265 2608 1439 2650 vestras,
1458 2603 1560 2650 apud
1578 2615 1695 2651 quem
1720 2603 1838 2639 etiam
1863 2615 1933 2651 pro

280 2660 485 2708 ‘Theologo
503 2661 698 2697 instabo.»
717 2661 1078 2710 BRAUNSBERGER,
1093 2663 1168 2699 loc.
1184 2663 1268 2708 cit.,
1284 2663 1335 2712 Π,
1355 2662 1551 2708 116.—5.a
1565 2674 1659 2698 vero
1673 2662 1933 2710 Septembris,

281 2718 380 2758 haec
398 2721 446 2756 de
466 2720 605 2757 eadem
621 2732 664 2756 re
682 2719 767 2767 ipse
786 2720 831 2755 Β.
851 2719 1034 2757 Canisius
1058 2722 1165 2758 Patri
1191 2721 1357 2758 Lainez:
1386 2735 1404 2756 «
1485 2723 1659 2769 perlatae
1683 2727 1775 2758 sunt
1798 2722 1848 2758 ad
1871 2734 1934 2758 me

281 2781 422 2817 literae
440 2779 675 2824 Cardinalis,
695 2790 790 2826 quas
809 2778 983 2815 adiunxi.
1003 2782 1065 2817 De
1083 2781 1256 2818 adventu
1280 2782 1324 2817 P.
1351 2781 1522 2828 Natalis,
1547 2793 1665 2829 quem
1685 2792 1933 2829 summopere

281 2844 414 2886 urget,
433 2840 508 2875 hoc
525 2850 646 2874 unum
663 2839 791 2873 habeo
809 2838 955 2885 dicere,
975 2839 1102 2876 videri
1120 2840 1214 2876 mihi
1231 2853 1416 2888 magnum
1435 2841 1685 2887 sacrifitium,
1711 2842 1875 2889 Deoque
1894 2847 1934 2878 et

277 2899 441 2936 Sanctis
460 2897 696 2935 Germaniae
710 2898 967 2934 vehementer
980 2905 1185 2947 acceptum
1203 2899 1302 2945 fore,
1317 2900 1351 2936 si
1363 2912 1479 2948 quam
1493 2900 1661 2948 primum
1676 2901 1752 2935 hue
1766 2900 1832 2936 ille
1846 2900 1933 2936 mit-

277 2964 388 2995 tatur
405 2969 483 2993 non
500 2958 626 2993 solum
641 2958 692 2993 ob
707 2956 969 3003 Cardinalem,
985 2959 1052 3006 qui
1069 2971 1215 2995 nouum
1235 2960 1440 3006 Augustae
1458 2959 1669 3006 collegium
1683 2959 1859 3006 polliceri
1876 2960 1933 2996 vi-

274 3017 411 3062 detur,
431 3022 471 3053 et
488 3017 593 3052 illius
612 3028 730 3063 opera
747 3016 901 3062 indiget
919 3019 1052 3054 multis
1071 3019 1196 3054 modis
1216 3019 1265 3055 ad
1281 3031 1345 3055 res
1363 3019 1632 3066 grauissimas,
1651 3030 1788 3054 verum
1812 3018 1931 3054 etiam

275 3082 325 3113 et
349 3076 598 3124 potissimum
621 3075 780 3123 quidem
806 3077 856 3112 ob
881 3077 995 3124 hujus
1018 3079 1201 3126 colloquii
1225 3079 1509 3126 promotionem
1534 3080 1758 3121 salutarem.
1784 3079 1931 3115 Timidi
