2060 3490
793 277 1031 313 DECEMBRE
1060 286 1148 323 1551
1730 292 1794 319 121

152 380 288 423 modo
316 379 362 423 di
391 379 597 437 Pariggi,
632 386 679 423 et
704 379 743 423 si
771 379 950 436 capisce
978 394 1066 423 con
1094 381 1137 424 la
1170 381 1318 437 gratia
1347 382 1421 426 del
1459 383 1656 440 Signore
1683 392 1730 428 et
1758 387 1804 430 fa

154 471 271 514 gran
292 458 449 501 frutto.
476 456 604 514 Ogni
626 458 817 501 sabbato
839 458 926 501 alla
946 457 1118 502 matina
1138 457 1177 502 si
1200 460 1245 501 fa
1266 459 1535 515 repetitione
1556 461 1602 503 di
1621 469 1739 506 tutta
1760 463 1806 507 la

155 534 413 588 settimana,
443 542 490 578 et
516 535 636 592 dipoi
673 550 841 592 pranso
868 535 906 578 si
933 534 1131 592 disputa,
1163 537 1298 579 etiam
1328 536 1392 593 gli
1426 539 1726 594 grammatici,
1758 547 1805 584 et

157 613 473 669 respondendo
493 627 601 665 vno,
627 627 655 656 o
676 612 768 666 doi,
793 619 840 657 et
861 614 1227 670 argumentando
1248 613 1313 670 gli
1335 614 1453 657 altri.
1479 615 1667 671 Algune
1683 617 1807 660 volte

156 689 398 734 habbiamo
425 692 598 734 hauute
625 689 806 747 dispute
836 689 1018 747 publice
1045 690 1091 733 di
1120 698 1238 735 tutte
1266 692 1308 735 13
1335 691 1485 745 classi,
1513 693 1609 736 fora
1637 693 1701 749 gli
1728 693 1804 737 doi

156 766 316 824 prime,
340 774 386 811 et
407 768 583 811 durano
604 767 680 811 doi
701 767 866 825 giomi.
887 768 965 812 Gli
981 768 1176 812 scholari
1192 768 1230 811 si
1252 769 1525 813 confessario
1548 770 1658 826 ogni
1681 785 1806 815 mese

154 858 246 888 vna
266 845 404 888 volta.
431 846 636 889 Vedemo
658 844 795 890 missa
816 845 863 888 in
884 853 1041 889 nostra
1061 845 1231 890 chiesia
1252 846 1363 903 ogni
1385 847 1446 899 di,
1467 854 1514 890 et
1535 847 1683 891 odeno
1700 863 1780 904 pre
1793 874 1806 881 ·

154 921 257 966 dica
278 922 390 979 ogni
411 922 639 966 dominica
660 930 707 967 et
730 924 860 977 festa,
886 931 932 968 et
953 938 1003 967 se
1024 923 1089 980 gli
1110 924 1250 981 legge
1272 923 1382 980 ogni
1411 925 1599 968 venerdi
1630 926 1674 968 la
1700 926 1807 968 dot-

157 999 276 1043 trina
298 1000 545 1044 christiana
566 1015 647 1057 per
668 1000 733 1058 gli
754 1001 947 1058 magiori
969 1001 1017 1044 in
1038 1008 1195 1045 nostra
1222 1001 1409 1054 chiesia,
1438 1002 1559 1045 doue
1587 1017 1808 1047 concorre

154 1078 270 1122 altra
307 1085 462 1135 gente:
493 1093 520 1121 a
548 1078 613 1135 gli
650 1078 696 1125 di
734 1094 892 1123 menor
919 1078 1124 1135 capacita
1161 1078 1199 1123 si
1236 1080 1375 1136 legge
1412 1080 1530 1124 nelle
1562 1079 1695 1124 classi
1731 1081 1808 1124 dal

118 1163 120 1165 ’
155 1162 352 1199 maestro
374 1156 487 1209 loro,
513 1156 718 1212 segondo
740 1157 783 1199 13
810 1157 907 1200 loro
929 1157 1147 1213 capacita.
1174 1157 1331 1202 Sonno
1352 1157 1492 1201 molte
1513 1156 1804 1211 ordinationi,

158 1233 201 1277 le
222 1233 344 1289 quali
366 1233 610 1278 habbiamo
631 1233 708 1291 gia
729 1234 868 1278 serito
890 1249 916 1278 a
937 1236 995 1278 V.
1024 1237 1076 1278 P.
1108 1236 1135 1278 ¹.

250 1323 292 1366 3.
363 1310 440 1355 Gli
462 1311 682 1355 essercitii
704 1311 924 1368 spirituali
947 1327 1108 1365 sonno,
1134 1311 1340 1368 predicar
1367 1311 1477 1369 ogni
1505 1311 1732 1356 dominica
1759 1318 1808 1356 et

157 1389 273 1432 festa
295 1387 340 1431 in
371 1396 527 1432 nostra
553 1389 740 1442 chiesia,
772 1403 859 1433 con
887 1405 1003 1446 gran
1031 1404 1252 1434 concorso
1277 1397 1323 1433 et
1350 1389 1669 1443 satisfattione,
1699 1396 1746 1434 et
1767 1389 1806 1433 si

156 1465 296 1522 legge
318 1466 368 1510 S.
395 1466 540 1509 Paulo
556 1467 676 1510 nella
691 1466 860 1511 chiesia
876 1467 1095 1524 magiore,
1115 1474 1178 1521 et,
1197 1468 1316 1510 vltra
1330 1467 1376 1510 di
1393 1474 1572 1523 questo,
1597 1482 1624 1510 a
1645 1482 1807 1510 mona—

156 1541 283 1586 sterii
311 1542 358 1586 di
387 1545 610 1587 monache
638 1543 676 1586 si
703 1544 902 1600 predica,
933 1551 980 1588 et
1005 1543 1052 1587 in
1080 1559 1171 1588 vna
1197 1545 1370 1588 forteza
1396 1546 1482 1589 che
1510 1559 1655 1588 sonno
1677 1545 1806 1588 molti

156 1619 320 1664 soldati
341 1634 429 1663 con
452 1620 636 1674 familie;
661 1628 708 1665 et
727 1623 924 1665 hauemo
945 1623 1145 1665 anchora
1166 1622 1324 1666 ordine
1340 1621 1386 1665 di
1408 1621 1615 1678 predicar
1630 1629 1676 1665 et
1693 1635 1807 1665 con-

155 1697 276 1741 solar
302 1697 367 1754 gli
396 1698 631 1752 carcerati,
661 1705 707 1743 et
734 1698 773 1742 si
801 1701 846 1743 fa
874 1701 1073 1744 anchora
1099 1715 1162 1743 vn
1189 1699 1421 1743 essercitio
1449 1701 1535 1743 che
1561 1698 1808 1743 habbiamo

157 1775 348 1830 probato
380 1789 454 1818 ser
485 1775 531 1818 di
565 1776 706 1819 frutto
734 1775 780 1819 di
807 1777 949 1820 andar
974 1776 1133 1834 alguni
1169 1776 1217 1819 in
1253 1778 1354 1820 loco
1390 1777 1437 1820 di
1464 1776 1618 1833 spacio
1646 1792 1726 1833 per
1762 1777 1808 1821 13

158 1857 294 1905 terra,
319 1859 366 1896 et
386 1853 507 1896 doue
533 1853 572 1896 si
601 1854 717 1898 vede
744 1854 916 1911 alguna
942 1861 1098 1911 gente,
1129 1853 1167 1897 si
1194 1854 1447 1898 misculano
1475 1854 1540 1911 gli
1568 1853 1727 1907 nostri,
1759 1862 1807 1898 et

143 1918 424 1973 'comincano
453 1945 479 1974 a
505 1945 779 1976 conuersare
806 1938 852 1975 et
873 1932 1152 1989 exhortargli
1174 1946 1261 1976 con
1290 1931 1463 1976 charita
1485 1947 1511 1975 a
1531 1931 1738 1988 spiritual
1758 1939 1807 1975 et

155 2007 406 2050 christiano
417 2007 564 2062 viuer,
577 2007 736 2052 visitar
751 2010 782 2051 l'
795 2009 1036 2066 hospitale,
1050 2017 1097 2053 et
1113 2010 1348 2053 confessar
1363 2008 1546 2053 amalati
1562 2009 1608 2052 di
1624 2009 1807 2054 diuerse
1870 2023 1872 2025 ’

155 2083 327 2141 lingue.
350 2086 415 2129 Le
436 2085 710 2129 confessioni
727 2101 874 2130 sonno
890 2086 1115 2131 ordinarie
1131 2087 1178 2130 in
1195 2101 1311 2144 gran
1327 2101 1535 2139 numero,
1556 2094 1602 2130 et
1618 2087 1660 2130 le
1676 2101 1806 2130 com-

156 2161 359 2205 munioni
381 2163 534 2206 molte.
562 2162 611 2208 Si
632 2164 785 2207 danno
808 2165 968 2217 anche,
994 2178 1123 2208 come
1144 2166 1205 2208 ho
1226 2166 1370 2218 detto,
1395 2163 1630 2216 essercitii,
1651 2171 1739 2208 etc.
1766 2165 1806 2207 E

155 2239 427 2292 necessario,
455 2241 618 2294 Padre,
643 2241 711 2285 sia
731 2240 1032 2285 determinato
1053 2242 1085 2284 l’
1108 2242 1268 2286 ordine
1294 2241 1341 2285 di
1370 2241 1523 2298 quiete
1550 2242 1803 2298 corporale,

155 2319 204 2359 vt
217 2318 452 2373 possimus
473 2318 717 2361 subsistere
738 2322 779 2362 et
799 2320 1030 2377 sufferre,
1052 2320 1230 2363 benche
1251 2314 1494 2364 habbiaino
1523 2318 1630 2362 tutti
1657 2317 1803 2374 speria

156 2400 358 2437 mentato
380 2396 518 2438 molte
539 2395 732 2452 magiori
754 2397 878 2439 sorze
900 2398 985 2439 che
1006 2397 1132 2439 nullo
1153 2396 1380 2441 iudicaua:
1405 2395 1453 2439 in
1475 2403 1596 2439 tutto
1613 2395 1679 2439 sia
1700 2396 1801 2452 glo-

157 2469 332 2514 rificato
353 2470 385 2514 il
405 2471 602 2529 Signore
623 2480 780 2516 nostro
803 2474 853 2515 in
875 2474 1041 2516 secula.

245 2560 288 2602 4.
322 2549 359 2591 Il
384 2549 673 2606 particulare.
705 2550 766 2594 Di
794 2565 951 2594 nuouo
979 2557 1140 2607 questo
1170 2552 1380 2608 hyuerno
1407 2551 1444 2595 si
1472 2553 1532 2594 ha
1570 2551 1681 2594 satta
1711 2564 1804 2592 vna

153 2625 300 2670 classe
320 2625 367 2669 di
389 2627 702 2690 grammatica,
726 2635 773 2672 et
794 2629 913 2672 nella
934 2629 1078 2671 classe
1099 2627 1146 2671 di
1160 2628 1397 2672 humanita
1413 2628 1451 2672 si
1466 2631 1526 2672 ha
1543 2627 1803 2671 comincato

152 2719 181 2747 a
201 2704 363 2760 legger
384 2719 475 2748 vna
496 2704 632 2760 licion
653 2705 699 2748 di
721 2720 861 2762 greco
878 2705 952 2749 alli
974 2705 1152 2749 classici
1174 2707 1208 2759 ²,
1227 2709 1274 2749 vt
1295 2707 1643 2763 coniungantur
1654 2718 1802 2762 greca

152 2781 328 2832 latinis;
350 2782 488 2838 legge
509 2781 541 2824 il
562 2782 809 2826 medesimo
830 2790 1044 2837 maestr03
1069 2783 1222 2827 danno
1242 2783 1318 2827 doi
1338 2790 1467 2840 parte
1488 2783 1562 2825 del
1584 2788 1735 2837 tempo
1756 2781 1801 2824 al

154 2857 312 2911 latino,
338 2866 384 2902 et
405 2874 495 2903 vna
515 2859 558 2903 al
579 2874 731 2916 greco.
759 2861 889 2904 Vltra
910 2859 956 2903 di
979 2867 1156 2916 questo,
1187 2860 1226 2904 si
1253 2861 1391 2917 legge
1413 2860 1526 2903 altra
1554 2858 1690 2914 licion
1711 2873 1801 2914 pu-

231 3046 237 3064 ¹
290 3044 351 3079 De
366 3043 426 3079 his
445 3044 600 3090 plenius
620 3044 790 3080 Annibal
809 3044 858 3079 de
877 3044 1092 3091 Coudreto,
1115 3045 1210 3081 Litt.
1232 3045 1468 3091 Quadrim„
1491 3044 1523 3090 Ι,
1542 3041 1714 3089 349-358.

228 3104 242 3121 ³
291 3103 382 3151 Ms.,
399 3104 568 3142 clacissi.
