2098 3548
318 277 388 306 x1v
891 267 1136 305 PRAEFATIO
1161 274 1396 305 GENERAms

316 369 505 427 rosario,
530 372 611 417 sed
633 372 926 416 conseruauit
947 386 1029 429 pro
1052 371 1233 429 magnis
1254 371 1470 428 reliquiis.
1498 370 1672 429 Tetigit
1699 370 1820 416 enim
1847 369 1966 416 inter

317 450 404 494 alia
426 449 660 495 sudarium
683 450 810 507 Xpi.,
836 457 882 494 et
908 449 1091 506 quidem
1119 448 1346 506 sanguine
1373 449 1616 503 imbutum,
1647 455 1694 494 et
1721 448 1831 493 alias
1858 448 1964 493 reli-

317 527 447 585 quias
467 529 641 585 absque
661 526 812 572 medio
833 526 1007 584 aliquo3
1033 533 1328 584 posteaquam
1351 525 1464 570 vidit
1487 527 1715 583 reliquias,
1747 541 1962 584 perseue-

314 613 444 650 rante
465 603 729 660 deuotione,
753 604 878 649 dedit
899 619 949 649 se
971 603 1181 658 orationi,
1208 610 1253 648 et
1275 619 1367 648 non
1384 604 1533 662 potuit
1549 620 1630 662 pro
1647 619 1697 649 se
1714 619 1859 659 orare,
1879 604 1961 648 sed

313 698 395 741 pro
416 683 520 738 illis,
545 683 667 728 circa
687 696 805 739 quae
827 690 1034 727 versatur
1056 681 1297 727 Societatis
1319 681 1439 737 finis,
1458 690 1509 726 vt
1529 682 1746 727 iuuentur
1761 681 1960 726 haereti-

313 761 371 816 ci,
396 761 620 815 infideles,
646 768 692 805 et
713 760 905 806 ecclesia
925 760 1212 814 reformetur,
1237 761 1319 804 sed
1347 775 1439 804 non
1462 767 1553 805 tam
1575 767 1673 804 erat
1701 762 1814 805 haec
1841 759 1959 817 peti-

311 839 391 893 tio,
417 853 552 896 quam
575 838 731 883 suauis
753 839 976 895 quaedam
999 844 1045 883 et
1066 837 1221 895 quieta
1248 838 1571 895 contemplatio
1598 837 1775 882 illarum
1807 852 1958 882 rerum

311 917 359 960 in
380 918 498 971 luce,
524 915 654 974 quasi
676 915 714 960 si
736 923 999 974 praesentes
1020 923 1333 970 cernerentur,
1359 916 1439 960 sed
1467 915 1544 959 vbi
1571 917 1685 960 haec
1713 917 1770 959 ad
1797 930 1960 959 causas

309 994 547 1039 inferiores
569 993 823 1048 reduceret,
854 1008 1040 1038 sensum
1063 992 1342 1047 inueniebat,
1369 993 1498 1051 quasi
1520 994 1687 1038 bonam
1714 994 1957 1050 quamdam

310 1080 357 1117 et
378 1086 566 1117 suauem
589 1072 871 1117 voluntatem
888 1072 946 1116 ad
962 1071 1054 1125 illa,
1079 1071 1126 1115 in
1148 1071 1297 1129 gratia
1318 1071 1573 1117 Societatis.
1602 1071 1692 1116 Vbi
1709 1085 1818 1115 vero
1834 1071 1892 1115 ad
1908 1085 1958 1115 se

310 1150 625 1204 descenderet,
650 1151 722 1194 vel
743 1165 826 1208 pro
847 1164 897 1194 se
919 1156 1084 1203 oraret,
1109 1149 1306 1194 audiuit:
1337 1157 1443 1193 «not
1464 1164 1597 1194 cures
1619 1164 1709 1206 que
1730 1151 1833 1193 Deu
1855 1153 1956 1193 sera

310 1229 368 1273 ab
400 1236 451 1273 tu
483 1230 522 1269 ¹»
551 1231 630 1284 (ne
657 1243 801 1282 cures,
831 1228 939 1285 quia
967 1229 1095 1271 Deus
1122 1229 1211 1271 erit
1239 1231 1423 1283 tecum);
1453 1228 1534 1271 sed
1566 1242 1671 1271 cum
1704 1226 1950 1280 dubitaret,

307 1308 430 1364 quod
451 1305 681 1351 videretur
702 1312 741 1347 τὸ
771 1313 877 1350 «not
898 1320 1076 1359 cures»,
1102 1305 1431 1363 negligentiam
1448 1304 1664 1358 indicare,
1685 1303 1861 1349 audiuit
1881 1304 1953 1347 in-

309 1385 563 1442 terpretari,
593 1391 698 1428 «not
720 1398 899 1439 cures»,
923 1383 970 1426 id
991 1390 1077 1439 est,
1107 1383 1221 1428 «sies
1243 1398 1408 1441 segur»
1439 1386 1550 1439 (esto
1570 1385 1824 1438 securus).»

398 1464 531 1520 Quae
551 1462 734 1519 quidem
757 1461 923 1515 omnia,
949 1461 1068 1506 sicut
1090 1468 1231 1506 totam
1253 1461 1292 1518 ej
1301 1476 1352 1505 us
1368 1468 1567 1506 mentem
1584 1461 1631 1504 in
1648 1475 1832 1506 secessu
1848 1475 1952 1505 ora-

309 1540 446 1584 tionis
479 1541 739 1596 frequenter
775 1540 1078 1597 occupabant,
1119 1539 1182 1583 ita
1208 1539 1255 1583 in
1284 1539 1555 1584 commercio
1583 1554 1688 1584 cum
1716 1538 1851 1583 sociis
1879 1539 1952 1583 vel

305 1633 411 1662 cum
433 1618 630 1663 externis
651 1624 922 1675 perpetuum
944 1618 1088 1662 ferme
1109 1625 1431 1682 argumentum
1454 1617 1596 1675 ipsius
1618 1616 1950 1661 conversationi

306 1696 672 1754 suppeditabant.

394 1774 594 1832 Idipsum
626 1774 791 1818 clarius
819 1773 1009 1832 patescit
1038 1773 1085 1817 in
1116 1773 1308 1818 caeteris
1339 1773 1518 1831 scriptis
1551 1773 1664 1818 tanti
1695 1773 1796 1827 viri,
1832 1787 1948 1830 quae

304 1852 486 1910 quidem
508 1852 688 1910 integra
710 1853 1054 1910 propemodum,
1080 1867 1173 1896 non
1194 1851 1364 1910 exiguo
1385 1852 1600 1897 historiae
1621 1852 1943 1906 emolumento,

304 1931 361 1975 ad
383 1937 538 1974 nostra
561 1945 706 1986 usque
727 1939 931 1988 tempora
953 1930 1270 1987 perdurarunt.
1298 1931 1364 1974 Ea
1385 1930 1522 1983 enim,
1548 1937 1600 1974 ut
1620 1929 1776 1975 videre
1802 1937 1874 1974 est
1899 1929 1947 1974 in

302 2008 536 2052 codicibus
558 2008 675 2052 infra
695 2008 1022 2062 describendis,
1048 2007 1086 2052 si
1112 2009 1412 2052 Concordiam
1435 2009 1745 2066 evangelicam
1778 2009 1812 2063 ³,
1844 2009 1946 2051 An-

302 2087 552 2129 notationes
573 2087 623 2129 in
644 2087 898 2143 evangelia,
921 2093 968 2130 et
990 2101 1135 2143 pauca
1156 2086 1244 2130 alia
1265 2085 1480 2143 excipias,
1506 2085 1659 2130 omnia
1674 2093 1782 2130 sunt
1797 2086 1855 2130 de
1872 2100 1946 2130 re-

301 2164 388 2207 bus
410 2170 456 2207 et
482 2163 692 2207 instituto
720 2163 977 2208 Societatis.
1010 2165 1127 2208 Nam
1156 2163 1202 2207 in
1236 2164 1459 2207 Chronico
1490 2179 1599 2208 suae
1631 2165 1876 2208 vocationis
1909 2165 1942 2218 ⁵,

301 2241 459 2285 miram
483 2240 553 2284 sui
576 2241 718 2298 ipsius
745 2241 1031 2285 vocatIOnem
1059 2241 1103 2284 in
1120 2229 1426 2295 Societatem,
1452 2257 1588 2298 quam
1610 2241 1736 2299 prius
1760 2241 1945 2286 Parisiis

301 2326 352 2362 ut
373 2325 631 2375 suspectam
654 2319 967 2373 abhorruerat,
992 2318 1096 2363 stilo
1118 2319 1310 2376 simplici
1337 2327 1383 2364 et
1410 2319 1612 2377 ingenuo
1635 2319 1937 2376 prosequitur.

299 2398 350 2440 In
372 2396 762 2453 Eplzemm‘idibus,
785 2396 1029 2454 praecipua
1050 2397 1291 2442 Societatis
1306 2399 1419 2456 Jesu
1440 2404 1572 2455 gesta
1594 2413 1620 2442 a
1641 2412 1725 2442 suo
1757 2397 1941 2441 exordio

298 2474 556 2519 summatim
578 2474 840 2531 perstrinxit
862 2475 894 2517 ⁴.
922 2476 971 2517 In
994 2475 1223 2531 Epistolis,
1241 2475 1514 2520 uberrimam
1537 2490 1686 2520 rerum
1708 2476 1766 2519 ad
1782 2475 1939 2521 Socie-

299 2552 404 2596 tatis
421 2551 628 2596 notitiam
645 2551 968 2608 pertinentium
986 2560 1190 2610 segetem
1208 2553 1453 2611 congessit.
1477 2554 1568 2598 Sed
1584 2554 1642 2597 de
1658 2553 1728 2596 his
1750 2553 1938 2597 seorsim

297 2630 539 2674 dicendum
563 2631 594 2672 ⁵.
622 2630 671 2672 In
706 2630 946 2685 Offltsczdis
969 2632 1008 2683 ⁶,
1040 2631 1458 2684 Exlzortationibus,
1492 2632 1722 2688 Dialogz's,
1751 2632 1936 2675 Instru-

370 2812 379 2832 ¹
431 2809 548 2846 Haec⁴
559 2811 680 2846 verba
697 2815 789 2846 sunt
806 2810 940 2856 lingua
957 2811 1218 2860 majoricensi,
1238 2824 1308 2849 seu
1326 2812 1596 2861 lemovicensi,
1612 2813 1769 2862 scripta.

367 2873 381 2892 ²
432 2870 533 2906 Vide
551 2869 666 2915 infra,
686 2869 784 2906 Cod.
809 2879 864 2906 10.

369 2931 382 2950 ³
433 2929 532 2966 Cod.
557 2939 589 2966 1.

371 2991 382 3011 ⁴
433 2990 531 3026 Cod.
552 2999 586 3025 2.

364 3051 377 3070 ⁵
428 3049 525 3086 Cod.
545 3048 567 3085 3
585 3055 626 3086 et
641 3060 678 3096 4.
699 3050 799 3086 Vide
818 3051 932 3099 infra,
952 3064 1040 3098 pag.
1062 3061 1160 3098 XVII,
1180 3059 1220 3089 et
1244 3066 1353 3102 seqq.

365 3111 379 3131 ‘³'
430 3109 460 3146 C
464 3109 526 3145 od.
547 3108 581 3145 8.
953 3117 955 3119 '
