2066 3490
294 262 337 290 12
890 253 1058 290 CHRON.
1086 254 1130 289 P.
1159 253 1348 289 NATALrs

285 362 339 398 vt
376 354 425 399 in
462 355 590 400 Urbe
626 355 843 399 haberem
880 354 1077 411 aliquem
1106 368 1356 409 secessum,
1388 354 1466 398 vbi
1494 355 1651 398 darem
1681 353 1793 398 iuris
1820 353 1949 398 libris

288 447 500 490 operam,
525 438 572 476 et
599 432 979 476 consuetudinem
1009 446 1113 475 cum
1143 431 1322 489 Ignatio
1350 432 1567 475 haberem
1595 437 1642 475 et
1671 430 1823 484 sociis,
1849 430 1949 476 illos

288 510 429 554 etiam
466 509 673 553 iuuarem
710 508 1033 566 eleemosynis,
1075 523 1180 552 cum
1208 509 1296 552 illis
1325 508 1435 552 item
1463 508 1733 552 mulieribus
1766 510 1796 561 ¹,
1833 523 1948 565 quas

288 587 532 632 audiebam
570 587 628 630 ad
664 586 760 630 diui
789 586 914 631 Petri
941 586 1099 630 viuere
1127 586 1349 639 inclusas,
1381 586 1440 630 de
1467 586 1606 629 rebus
1634 585 1947 642 spiritualibus

289 679 493 722 agerem:
518 663 632 708 nihil
653 665 787 721 plane
808 664 1056 709 etiamdum
1085 664 1143 707 de
1172 662 1383 706 instituto
1411 662 1534 707 vitae
1561 664 1802 716 mutando,
1834 663 1948 707 nihil

289 743 352 787 de
375 742 608 788 Societate
636 749 807 798 aperte.

385 832 458 875 32.
522 821 595 863 De
614 820 701 863 hac
723 834 824 863 mea
844 818 1127 876 profectione
1148 818 1344 875 primum
1362 818 1439 875 egi
1456 818 1702 876 diligenter
1725 833 1831 863 cum
1848 832 1950 862 ere-

292 896 426 940 mita:
452 896 527 940 hic
550 903 675 940 totus
696 895 744 939 in
760 911 860 939 eam
879 896 1125 948 ferebatur,
1145 896 1227 939 sed
1244 894 1487 938 videbatur
1505 895 1681 939 moueri
1697 895 1847 953 magis
1868 894 1952 956 [ut]

291 989 385 1032 ego
406 974 604 1018 dicerem
626 988 700 1017 me
722 973 991 1017 Tridentum
1014 973 1071 1016 ad
1087 972 1331 1016 concilium
1350 972 1601 1029 proficisci:
1621 973 1847 1030 probabat
1862 972 1953 1030 igi-

295 1058 372 1095 tur
392 1053 689 1096 vehementer
709 1065 862 1094 meum
885 1050 1023 1093 animi
1046 1049 1346 1106 propositum,
1367 1056 1417 1093 vt
1433 1049 1605 1094 diceret
1623 1051 1765 1094 semel
1781 1065 1855 1098 me
1870 1065 1952 1108 pro

293 1128 512 1173 vniuerso
534 1129 645 1173 orbe
673 1143 768 1171 non
795 1128 963 1171 debere
991 1127 1103 1170 illud
1131 1127 1216 1171 iter
1248 1126 1474 1171 omittere.
1509 1127 1692 1171 Placuit
1719 1127 1831 1171 mihi
1858 1142 1951 1172 non

292 1206 584 1251 mediocriter
604 1204 844 1250 consensio
866 1204 974 1248 boni
1003 1204 1234 1259 eremitae,
1267 1219 1402 1260 quem
1427 1219 1518 1262 ego
1545 1212 1596 1248 vt
1624 1212 1836 1248 sanctum
1864 1207 1950 1249 ho-

297 1283 467 1327 minem
491 1284 808 1327 obseruabam.

388 1374 460 1416 33.
525 1362 631 1404 Non
669 1359 801 1404 facile
831 1360 1018 1404 videbar
1050 1374 1352 1416 persuasurus
1390 1360 1622 1404 auunculo
1662 1360 1860 1404 Moreio:
1900 1366 1952 1403 vt

293 1438 438 1496 igitur
460 1437 586 1495 prius
615 1437 783 1481 iudicio
811 1444 857 1481 et
883 1437 1154 1481 auctoritate
1176 1437 1441 1490 niteremur,
1468 1437 1591 1481 illam
1618 1437 1951 1495 profectionem

295 1515 504 1573 persuasi
526 1515 651 1571 prius
678 1514 859 1571 Vtrique
880 1514 1145 1558 maritorum
1168 1515 1182 1536 ²
1198 1548 1208 1567 ,
1234 1515 1440 1559 laudauit
1470 1506 1711 1559 consilium
1739 1521 1951 1571 vterque,

296 1593 382 1636 sed
403 1594 596 1636 Iacobus
619 1593 633 1614 ⁵
657 1593 822 1635 horum
845 1591 1115 1636 auctoritate
1137 1600 1354 1645 armatus,
1386 1593 1578 1649 putabat
1605 1607 1679 1636 me
1707 1606 1955 1649 persuasu—

299 1684 403 1713 rum
425 1669 616 1723 Moreio‚
642 1670 765 1725 quod
786 1668 889 1713 illos
911 1669 1110 1713 sciebam
1132 1670 1255 1726 apud
1278 1669 1503 1714 Moreium
1524 1684 1722 1727 magnae
1738 1684 1840 1714 esse
1857 1669 1954 1714 exi·

298 1746 590 1792 stimationis‚
624 1748 797 1791 Verum
820 1746 933 1789 nihil
959 1747 1081 1803 apud
1110 1762 1216 1790 eum
1243 1747 1393 1803 potui:
1429 1747 1705 1791 contradixit
1732 1753 1955 1804 quantum

303 1824 471 1882 potuit,
496 1838 632 1880 quem
656 1838 746 1880 ego
770 1831 990 1880 quantum
1012 1824 1140 1881 potui
1162 1824 1286 1868 dulci
1303 1823 1508 1868 oratione
1523 1825 1704 1881 placare
1719 1823 1952 1877 contendi,

301 1916 359 1946 ac
380 1900 663 1958 propositum
688 1900 835 1944 tenui:
856 1902 1110 1958 probabant
1129 1902 1267 1946 frater
1283 1908 1329 1945 et
1345 1901 1547 1946 sororius
1564 1901 1860 1946 Caldennius:
1879 1900 1956 1945 hic

300 1978 486 2023 ornauit
507 1977 670 2021 litteris
693 1977 986 2034 collybisticis
1008 1986 1059 2021 vt
1081 1994 1250 2036 magna
1270 1993 1449 2023 summa
1469 1978 1666 2036 pecunia
1693 1979 1708 2000 ⁴
1737 1977 1956 2036 pecunia-

301 2070 404 2099 rum
429 2055 541 2099 mihi
562 2063 683 2100 esset
704 2063 901 2112 praesto,
926 2056 1004 2099 vbi
1025 2058 1189 2101 vellem
1210 2057 1291 2100 vti.

376 2183 387 2203 ¹
410 2186 413 2189 ‘
439 2181 578 2217 Sermo
598 2193 686 2217 esse
705 2181 863 2217 videtur
880 2182 930 2217 de
948 2182 1023 2229 piis
1042 2182 1217 2227 feminis,
1234 2194 1335 2230 quae
1354 2182 1519 2218 Murate
1537 2183 1582 2218 di
1598 2182 1638 2218 S.
1657 2183 1810 2224 Pietro,
1826 2181 1959 2218 audie-

300 2242 412 2285 bant,
431 2240 481 2276 de
507 2240 651 2288 quibus
673 2242 772 2276 haec
796 2241 934 2276 scribit
957 2242 1130 2278 MORONI
1157 2241 1198 2277 in
1221 2241 1488 2289 descriptione
1514 2241 1651 2289 templi
1677 2241 1760 2277 diui
1783 2241 1892 2278 Petri
1917 2240 1958 2277 in

302 2299 509 2335 Vaticano:
532 2301 601 2335 «In
619 2311 754 2336 mezzo
771 2312 794 2335 a
811 2306 952 2348 questo
969 2301 1181 2346 corridore,
1202 2314 1223 2337 e
1242 2301 1374 2337 vicino
1391 2302 1468 2337 alle
1492 2306 1630 2338 stanze
1655 2300 1696 2336 di
1719 2302 1859 2337 alcune
1878 2312 1958 2336 mo-

300 2360 426 2395 nache
444 2359 554 2395 dette
571 2360 736 2395 Murate
753 2361 798 2395 di
817 2360 857 2396 S.
879 2361 1019 2396 Pietro
1035 2362 1153 2405 (sulle
1170 2361 1276 2408 quali
1294 2362 1316 2397 ὲ
1334 2373 1357 2397 a
1371 2361 1528 2397 vedersi
1546 2361 1572 2396 il
1592 2359 1794 2408 Garampi,
1810 2361 1957 2397 Memo-

303 2420 365 2455 rie
382 2419 683 2461 ecclesiastiche‚
703 2430 792 2466 pag.
813 2419 917 2465 528),
937 2421 971 2456 si
995 2432 1194 2456 venerava
1218 2421 1259 2457 in
1288 2433 1340 2456 un
1370 2422 1493 2456 altare
1523 2420 1549 2456 il
1578 2431 1696 2467 corpo
1727 2419 1767 2455 di
1794 2420 1835 2456 S.
1863 2418 1954 2456 Gio.

302 2477 626 2514 Grisostomo...»
645 2479 810 2514 Dizion.
829 2480 874 2514 di
890 2481 1006 2515 erud.
1024 2481 1131 2524 eccl„
1153 2481 1242 2525 XII,
1262 2490 1346 2527 259.
1366 2482 1428 2516 De
1445 2480 1507 2516 his
1530 2480 1650 2516 etiam
1667 2479 1867 2516 scribebat
1885 2480 1958 2515 Po-

302 2539 454 2582 lancus,
473 2537 514 2573 31
537 2537 722 2575 Octobris
743 2547 848 2583 1547,
867 2540 965 2574 haec
978 2552 1077 2586 quae
1096 2546 1328 2587 sequuntur:
1346 2540 1442 2576 «Asi
1457 2551 1622 2584 mesmo,
1639 2542 1731 2587 aqui
1749 2551 1800 2575 en
1817 2540 1955 2583 Roma,

302 2597 488 2634 instando
506 2597 708 2642 Fernesio,
728 2599 778 2633 ha
795 2598 1007 2635 entendido
1026 2600 1084 2646 [S.
1105 2600 1280 2647 Ignacio]
1299 2612 1348 2636 en
1363 2600 1618 2636 reformation
1635 2599 1685 2635 de
1699 2600 1757 2635 las
1775 2598 1958 2634 muradas

301 2656 354 2692 de
373 2657 414 2692 S.
434 2657 575 2701 Pedro,
591 2656 813 2703 ayudando,
829 2659 885 2692 asi
900 2669 950 2693 en
965 2658 1190 2695 ordenarles
1205 2661 1261 2695 las
1275 2658 1581 2695 constitutiones
1595 2670 1672 2706 que
1686 2659 1764 2694 han
1777 2658 1827 2694 de
1843 2669 1959 2704 guar-

301 2717 389 2762 dar,
407 2728 520 2752 corno
539 2728 589 2752 en
606 2716 675 2751 dar
691 2727 810 2763 cargo
827 2717 877 2752 de
891 2730 958 2753 sus
976 2719 1125 2754 animas
1140 2721 1162 2754 a
1176 2730 1254 2754 vno
1268 2719 1318 2754 de
1333 2720 1392 2755 los
1410 2718 1638 2754 sacerdotes
1655 2718 1705 2754 de
1720 2730 1881 2754 casa...»
1898 2718 1959 2754 Ex

302 2777 533 2823 archetyp0‚
553 2775 593 2811 in
608 2775 738 2823 Epist.
759 2776 946 2818 Polanci,
966 2778 1015 2812 ab
1031 2790 1129 2813 ann.
1149 2787 1249 2822 1542
1266 2779 1322 2813 ad
1339 2779 1449 2823 1576,
1470 2777 1539 2813 fol.
1559 2776 1630 2812 300
1655 2789 1694 2812 v.

375 2838 389 2857 2
441 2835 518 2870 Vix
537 2834 617 2881 legi
634 2836 740 2870 valet
757 2835 831 2870 hoc
850 2838 1087 2872 vocabulum
1105 2849 1198 2884 prae
1217 2837 1438 2873 litterarum
1456 2837 1703 2872 confusione.
1724 2837 1961 2883 Interpreta-

302 2894 454 2930 tionem
471 2905 567 2930 vero
585 2898 759 2929 nostram
777 2894 942 2930 suadere
961 2896 1159 2941 videntur,
1179 2901 1263 2932 tum
1282 2908 1424 2932 sensus
1442 2897 1658 2940 clausulae,
1677 2901 1761 2931 tum
1779 2907 1840 2940 ea,
1858 2905 1959 2942 quae

304 2953 412 3000 prius
426 2952 584 3000 scripsit
602 2953 742 2997 Nadal,
761 2965 800 2988 n.
825 2962 882 2998 17,
901 2954 950 2990 de
968 2955 1123 2990 duobus
1142 2955 1293 2991 maritis
1313 2967 1504 2991 sororum.

378 3014 393 3034 ³
444 3014 513 3048 Dr.
534 3013 708 3059 Jacobus
726 3011 875 3048 Palou?

377 3074 392 3094 ⁴
441 3071 527 3117 Sic;
547 3073 621 3107 hoc
639 3077 771 3107 autern
790 3074 955 3108 verbum
974 3073 1193 3110 redundare
1208 3074 1379 3119 videtur,
1399 3075 1476 3110 nisi
1490 3074 1593 3110 forte
1607 3073 1695 3121 quis
1709 3074 1813 3109 hunc
1827 3073 1957 3108 locum
