2098 3484
301 282 369 310 102
877 275 1016 310 Emer.
1045 274 1089 308 P.
1118 271 1370 308 NADAL-3o

295 382 462 422 mente⁴
480 377 644 421 chelse
671 383 799 433 parta
827 391 915 420 con
943 376 986 419 1ε
1014 376 1170 433 galere
1200 375 1257 417 de
1285 374 1328 417 la
1355 372 1594 430 religione,
1628 378 1748 416 tutta
1768 371 1845 416 uia
1865 374 1952 423 che

297 467 411 497 sono
441 469 468 497 a
497 454 896 511 Palermozspero
925 468 1013 497 con
1042 452 1193 508 quelle
1220 451 1410 508 partira;
1442 450 1566 504 sino,
1594 464 1686 494 ‚con
1713 451 1830 494 a1tro
1857 451 1950 499 bon

302 530 529 588 passagio.

388 620 430 664 7.
497 611 609 652 Μ.το
637 608 887 664 Geronimo
909 608 1179 653 Domenech,
1199 621 1286 649 con
1317 605 1472 650 Pietro
1497 605 1637 650 Riera
1663 611 1710 650 et
1737 605 1881 656 Lucio
1903 612 1950 649 et

296 693 358 729 vn
380 686 511 740 laico,
529 686 731 730 ‘essendo
754 685 907 742 partiti
929 699 1017 728 con
1038 699 1129 727 vna
1157 698 1277 727 naue
1305 698 1387 739 per
1414 682 1649 737 Valentia,
1680 689 1728 727 et
1754 684 1950 727 essendo

296 763 343 806 in
366 763 487 806 uista
508 764 565 807 de
588 763 850 820 Sardegna,
882 777 963 819 per
992 768 1132 805 uento
1161 760 1390 806 contrario
1418 762 1572 804 hanno
1600 775 1755 810 scorso
1783 775 1875 817 qua
1905 767 1951 805 et

297 847 462 883 stanno
484 840 594 897 ogni
617 839 781 896 giorno
802 855 883 896 per
905 838 1102 896 partirsi.
1129 840 1164 882 Il
1186 838 1384 895 Signore
1404 839 1448 882 le
1468 837 1543 882 dia
1563 837 1778 896 passagio
1806 853 1834 882 a
1859 839 1952 882 bon

296 919 596 962 saluamento.
625 917 780 961 Pietro
803 932 862 960 ua
883 932 965 974 per
986 931 1111 961 esser
1132 915 1332 960 iudicata
1354 916 1505 972 quella
1527 922 1647 960 terra
1673 916 1814 960 molto
1842 915 1954 960 utile

298 1010 378 1051 per
399 996 442 1038 la
464 1010 547 1038 sua
568 994 801 1049 infirmita,
828 1001 874 1038 et
896 996 1047 1038 ancho
1068 1008 1151 1051 per
1172 993 1352 1037 adiutar
1373 994 1508 1049 aquel
1530 993 1726 1051 collegio
1747 993 1795 1037 in
1811 994 1952 1038 alcun

299 1071 573 1127 ministerio,
598 1073 767 1129 perche
795 1073 821 1116 e
849 1087 942 1115 vna
969 1073 1090 1115 bona
1117 1070 1282 1116 anima.
1316 1071 1477 1125 Lucio,
1509 1072 1677 1128 perche
1704 1070 1744 1115 si
1773 1078 1952 1116 temeua

297 1151 384 1192 che
405 1149 436 1191 li
458 1149 635 1206 parenti
657 1149 758 1193 suoi
779 1150 811 1192 l’
835 1151 1050 1193 haueuan
1073 1150 1130 1192 de
1152 1148 1311 1193 uenire
1332 1164 1359 1192 a
1380 1163 1578 1203 cercare,
1604 1163 1685 1206 per
1705 1149 1878 1194 leuarlo
1893 1149 1951 1194 de

299 1226 516 1283 periculo.
542 1227 578 1270 Il
600 1227 798 1284 Signore
819 1242 901 1284 per
922 1227 966 1271 13
986 1242 1070 1270 sua
1091 1226 1400 1270 misericordia
1420 1226 1599 1271 infinita
1619 1241 1672 1271 ce
1693 1226 1767 1271 dia
1795 1242 1828 1271 a
1843 1227 1951 1283 tutti

300 1305 343 1347 13
364 1319 449 1347 sua
469 1304 755 1348 sanctissima
775 1306 963 1349 volonta
983 1304 1316 1349 sinceramente
1342 1304 1533 1359 sentire,
1559 1311 1606 1349 et
1632 1304 1680 1348 in
1707 1305 1818 1362 ogni
1844 1320 1950 1362 per—

303 1381 497 1425 fectione
512 1389 566 1426 vet
588 1382 749 1426 timore
770 1397 855 1426 suo
877 1382 1093 1439 compire.
1126 1383 1226 1426 Ora
1240 1387 1330 1438 pro
1352 1382 1493 1436 nobis,
1517 1383 1677 1426 Pater.

389 1461 460 1502 Da
482 1461 709 1516 Trapana,
735 1459 767 1502 il
788 1460 834 1503 di
856 1476 917 1503 xx
938 1461 996 1504 de
1019 1459 1201 1513 Martio,
1226 1461 1302 1504 nel
1324 1461 1492 1504 MDLI.

782 1540 853 1582 De
875 1539 933 1582 V.
961 1539 1015 1581 Ρ.
1042 1552 1177 1581 seruo
1199 1537 1247 1580 in
1269 1539 1389 1594 Χρο.
1750 1595 1752 1597 ‚

708 1646 709 1649 η
1188 1616 1489 1659 HIERONYMO
1521 1617 1709 1660 NADAL.

392 1695 640 1751 Inscriptio
663 1694 715 1737 in
738 1697 908 1750 quarta
922 1694 1123 1751 pagina:
1145 1692 1175 1751 †
1197 1693 1258 1736 Al
1279 1693 1420 1736 molto
1442 1692 1553 1737 R.d0
1575 1692 1623 1736 in
1640 1695 1760 1750 Xpo.
1783 1694 1949 1748 Padre,

300 1773 332 1816 il
354 1774 503 1817 Padre
526 1775 588 1816 M.
615 1771 794 1829 Ignatio
816 1772 873 1814 de
895 1771 1083 1827 Loyola,
1115 1769 1343 1827 preposito
1365 1771 1588 1827 generalev
1612 1771 1731 1815 della
1752 1772 1952 1828 Compa—

301 1850 410 1907 gnia
431 1849 478 1893 di
500 1849 662 1903 Giesfl,
687 1848 735 1891 in
762 1849 857 1893 S‚ta
887 1848 1030 1892 Maria
1050 1848 1169 1891 della
1192 1848 1372 1902 Strada,
1397 1862 1614 1904 appresso
1642 1849 1740 1894 S.t0
1775 1850 1947 1903 Marco,

301 1928 348 1971 in
371 1930 529 1971 Roma.
1862 1914 1864 1917 ¹
1906 1915 1908 1918 ’

390 2006 498 2048 Alia
520 2019 686 2048 manu:
707 2004 860 2061 Quad.
888 2005 1112 2061 Trapana.
1140 2006 1302 2049 Nadal.
1330 2007 1508 2058 Marzo,
1542 2017 1620 2058 20,
1658 2014 1785 2060 1551.
1818 2006 1952 2049 Fatte

302 2090 422 2127 tutte
445 2091 490 2126 et
513 2083 741 2127 mandate.

391 2161 551 2219 Sigilli
571 2161 834 2218 vestigium.

299 2295 440 2342 norum
457 2305 544 2340 Rex
562 2303 639 2339 sibi
656 2303 952 2350 vendicaverat,
972 2305 1190 2347 Doctorem
1203 2304 1244 2339 in
1261 2303 1407 2340 divinis
1431 2303 1676 2350 egregium.»
1695 2302 1797 2355 Vide
1815 2302 1950 2350 etiam,

302 2365 335 2399 si
353 2365 477 2408 lubet,
497 2358 705 2411 epistolam
722 2363 828 2409 regis
845 2375 1094 2399 romanorum
1113 2363 1163 2399 ad
1186 2363 1227 2399 S.
1249 2363 1466 2410 Ignatium,
1492 2375 1569 2412 qua
1587 2364 1631 2399 P.
1660 2362 1869 2400 Claudium
1887 2363 1951 2409 Ja—

296 2423 383 2470 jum
400 2435 489 2459 cum
508 2424 584 2460 alio
603 2423 798 2459 Viennam
816 2423 919 2458 mitti
937 2425 1124 2470 postulat,
1144 2423 1184 2459 in
1206 2423 1353 2459 Cartas
1369 2425 1417 2460 de
1437 2423 1525 2460 San
1541 2424 1724 2472 Ignacio,
1739 2423 1791 2467 II,
1811 2421 1894 2468 5483
1911 2426 1952 2458 et

300 2483 509 2530 epistolam
528 2483 569 2519 S.
590 2483 734 2529 Ignatii
750 2482 800 2518 ad
817 2483 1000 2519 eumdem
1019 2483 1324 2530 Ferdinandum,
1343 2483 1456 2530 ibid.,
1475 2483 1528 2530 II,
1546 2481 1630 2519 323.
