2060 3490
781 285 823 312 21
852 275 1071 314 Oc‘romus
1101 284 1192 322 1552
1742 279 1808 326 135

159 380 327 439 perche
347 381 408 423 ho
429 385 644 435 penssato
665 377 712 421 di
733 379 937 422 mandar'
963 385 1083 421 tutta
1104 379 1148 421 la
1170 379 1348 422 rendita
1369 380 1486 424 della
1508 380 1691 424 abbatia
1723 382 1811 425 alla

110 439 117 446 ⁸
162 458 216 500 P.
243 458 322 509 V.,
346 471 374 499 o
397 470 507 499 uero
529 471 556 499 a
578 457 690 499 Μ.ῐο
720 456 940 508 PolanCO,
965 462 1012 499 et
1034 458 1164 512 potra
1186 455 1271 498 dir’
1297 471 1388 512 qua
1410 459 1496 501 che
1524 457 1562 500 si
1583 459 1811 502 mandano

161 548 242 591 per
262 533 544 590 espeditione
564 534 684 578 delle
705 534 844 586 bulle,
865 548 996 577 come
1012 534 1259 577 realmente
1275 549 1389 578 sono
1404 535 1450 577 di
1467 534 1662 592 bisogno
1684 537 1811 580 molti

160 610 323 666 dinari,
348 618 395 655 et
415 611 511 655 cosi
533 611 746 655 uenendo
773 611 806 654 il
834 610 1011 664 vicere,
1037 612 1123 655 che
1145 618 1400 667 espettamo
1421 612 1585 655 dentro
1612 614 1670 656 de
1698 613 1762 657 sei
1785 628 1812 657 o

158 695 276 733 sette
297 688 464 746 giomi,
489 688 551 732 mi
573 689 775 732 sforzaro
801 688 849 732 di
870 690 1028 732 hauer’
1060 687 1163 733 altri
1190 688 1353 741 dinari,
1380 696 1426 732 et
1454 689 1485 731 li
1507 690 1740 743 mandaro,
1766 698 1811 734 et

160 765 222 808 mi
244 766 444 810 sforzaro
465 765 511 809 di
533 765 719 823 exigere
741 772 861 809 tutta
887 766 932 809 13
959 765 1138 809 rendita
1164 766 1240 809 dal
1269 765 1433 823 giorno
1462 767 1537 810 del
1563 781 1811 815 consensso

159 843 206 887 di
228 844 276 889 S.
309 845 393 897 M.‚
424 846 510 888 che
537 845 563 888 e
590 842 622 886 il
645 856 702 899 30
729 843 788 887 de
816 844 1018 887 Genaro.
1049 845 1101 886 In
1129 850 1294 899 questo
1314 843 1362 886 di
1389 844 1592 887 mandar'
1617 844 1763 888 dinari
1786 861 1813 889 a

159 923 326 975 Roma,
358 936 452 965 non
480 922 600 966 uedo
629 922 745 965 altra
769 915 1014 974 difficult'a,
1045 936 1095 965 se
1123 935 1217 964 non
1244 923 1340 986 che,
1358 921 1613 965 hauendosi
1651 922 1727 965 noi
1755 924 1812 966 de

159 1000 326 1043 mutar’
357 999 445 1043 alla
466 1013 572 1043 casa
599 999 719 1043 della
746 998 952 1051 abbatia,
982 1001 1086 1043 sera
1111 998 1371 1043 necessario
1399 999 1482 1042 far’
1512 999 1653 1043 molta
1679 1014 1814 1056 spesa

135 1135 138 1137 v
159 1091 240 1134 per
267 1077 600 1121 accommodar'
629 1077 674 1121 la
710 1090 817 1120 casa
844 1077 932 1120 alla
958 1075 1244 1120 habitatione
1271 1083 1449 1129 nostra,
1481 1083 1528 1121 et
1549 1077 1632 1120 far'
1657 1078 1812 1121 schole

158 1168 238 1211 per
259 1154 456 1211 legger'3
482 1169 557 1198 ma
577 1153 622 1198 io
644 1168 738 1198 non
758 1154 931 1197 lassato
952 1154 1011 1198 de
1039 1154 1264 1207 mandar'‚
1295 1168 1427 1198 come
1445 1155 1506 1197 ho
1528 1155 1656 1197 detto
1676 1154 1708 1196 11
1723 1155 1811 1198 ‘de-

159 1230 259 1275 nari
280 1233 366 1275 che
386 1233 519 1288 potro
541 1247 568 1275 a
590 1233 751 1285 Roma,
776 1246 826 1276 se
853 1231 968 1275 altro
990 1232 1034 1275 la
1057 1234 1111 1275 P.
1138 1233 1196 1275 V.
1222 1246 1315 1275 non
1336 1246 1411 1275 me
1431 1231 1597 1275 scriue.
1821 1219 1825 1223 ’

255 1321 322 1352 10.
388 1310 464 1353 Ho
486 1324 707 1366 speranza
727 1324 818 1353 con
839 1310 885 1353 la
905 1308 1054 1366 gratia
1075 1309 1122 1352 di
1144 1309 1290 1354 Giesi'l
1313 1309 1498 1353 Christo
1519 1323 1602 1366 per
1623 1309 1811 1367 meggio

157 1386 276 1430 delle
297 1386 490 1431 orationi
510 1387 630 1431 della
653 1390 706 1431 P.
733 1388 791 1431 V.
818 1389 903 1430 che
924 1387 1000 1430 nel
1020 1372 1318 1444 parlamento,
1342 1386 1375 1429 il
1397 1387 1532 1443 quale
1553 1401 1603 1431 se
1623 1388 1684 1430 ha
1699 1389 1812 1431 hora

157 1463 216 1507 de
238 1464 320 1507 far’
346 1478 452 1520 qua,
477 1463 516 1507 si
536 1463 782 1521 negociara
802 1464 848 1507 di
869 1465 1028 1508 hauer’
1059 1463 1092 1507 il
1118 1478 1367 1508 consensso
1394 1465 1512 1507 dello
1539 1463 1811 1521 imperatore

156 1555 238 1597 per
259 1556 350 1585 vna
370 1542 486 1585 altra
506 1541 688 1585 abbatia
711 1556 790 1598 per
811 1542 843 1584 il
865 1541 1093 1599 colleggio
1115 1540 1161 1584 di
1183 1540 1400 1596 Messina,
1431 1548 1477 1585 et
1503 1542 1548 1585 10
1570 1537 1683 1599 [sic]
1704 1557 1810 1598 par-

157 1618 250 1662 lato
271 1618 349 1676 gia
370 1633 397 1662 a
418 1618 653 1663 Giouanni
676 1619 866 1674 Osorio,
891 1626 938 1663 et
966 1619 997 1662 li
1025 1633 1134 1676 pare
1160 1619 1300 1673 bene;
1332 1618 1365 1661 il
1392 1618 1562 1676 Signor
1590 1621 1691 1663 sara
1722 1634 1810 1663 con

131 1700 133 1703 “
158 1695 250 1740 noi.
277 1697 402 1741 Sono
430 1703 550 1741 stato
576 1697 723 1753 largo,
757 1697 921 1750 Padre,
946 1695 992 1739 in
1022 1702 1199 1752 questa.
1231 1698 1290 1741 V.
1324 1698 1378 1740 P.
1409 1696 1471 1739 mi
1503 1698 1728 1753 perdona,
1763 1704 1811 1741 et

158 1773 220 1832 mi
243 1780 383 1831 tenga
405 1789 486 1831 per
507 1775 905 1818 raccommandato
926 1774 1251 1831 specialmente
1271 1775 1391 1818 nelle
1412 1774 1606 1818 orationi
1627 1774 1743 1818 suoi.
1774 1775 1810 1818 n

158 1850 355 1908 Signore
375 1866 456 1909 per
477 1851 521 1896 la
541 1851 852 1896 misericordia
878 1866 963 1895 sua
991 1851 1029 1895 si
1057 1853 1178 1896 dona
1205 1867 1232 1896 a
1259 1851 1418 1895 sentir’
1446 1867 1624 1909 sempre
1651 1853 1695 1896 la
1726 1867 1810 1896 sua

157 1920 317 1972 sancta
337 1930 528 1973 volunta
549 1929 897 1983 sinceramente,
923 1937 970 1974 et
991 1930 1142 1986 quella
1163 1929 1498 1987 integramente
1524 1945 1551 1974 a
1572 1929 1805 1987 complire.

159 2007 326 2051 Amen.

245 2084 305 2128 Di
329 2085 553 2138 Palermo,
579 2085 654 2129 alli
679 2098 731 2129 21
757 2085 815 2128 de
837 2085 1035 2128 Ottobre
1062 2095 1190 2140 1552.

693 2165 765 2206 De
787 2164 840 2206 P.
868 2163 926 2206 V.
952 2176 1088 2206 seruo
1109 2162 1157 2206 in
1179 2165 1320 2220 Xpo.,

997 2240 1299 2285 HIERONYMO
1331 2241 1518 2284 NADAL.

250 2317 395 2361 Nulla
415 2317 675 2373 inscriptio,
697 2316 777 2360 sed
805 2319 982 2360 tantum
1015 2331 1170 2360 annus
1196 2318 1249 2361 in
1278 2320 1472 2374 quartae
1486 2318 1696 2374 paginae
1723 2325 1808 2359 ora

161 2395 407 2438 indicatus:
431 2404 503 2449 52.
