<?xml version="1.0" encoding="UTF-8"?>
<!DOCTYPE html PUBLIC "-//W3C//DTD XHTML 1.0 Transitional//EN"
    "http://www.w3.org/TR/xhtml1/DTD/xhtml1-transitional.dtd">
<html xmlns="http://www.w3.org/1999/xhtml" xml:lang="en" lang="en">
 <head>
  <title>
</title>
<meta http-equiv="Content-Type" content="text/html;charset=utf-8" />
  <meta name='ocr-system' content='tesseract 3.04.00' />
  <meta name='ocr-capabilities' content='ocr_page ocr_carea ocr_par ocr_line ocrx_word'/>
</head>
<body>
  <div class='ocr_page' id='page_1' title='image "./epistolaephieron01nadauoft_0827.png"; bbox 0 0 2020 3464; ppageno 0'>
   <div class='ocr_carea' id='block_1_1' title="bbox 854 235 1824 285">
    <p class='ocr_par' dir='ltr' id='par_1_1' title="bbox 854 235 1824 285">
     <span class='ocr_line' id='line_1_1' title="bbox 854 235 1824 285; baseline -0.001 -11"><span class='ocrx_word' id='word_1_1' title='bbox 854 242 894 284; x_wconf 82' lang='lat'><em>17</em></span> <span class='ocrx_word' id='word_1_2' title='bbox 922 236 1031 284; x_wconf 77' lang='lat' dir='ltr'><em>Jum</em></span> <span class='ocrx_word' id='word_1_3' title='bbox 1061 235 1150 284; x_wconf 82' lang='lat'><em>1562</em></span> <span class='ocrx_word' id='word_1_4' title='bbox 1753 243 1824 285; x_wconf 85' lang='lat'><em>749</em></span> 
     </span>
    </p>
   </div>
   <div class='ocr_carea' id='block_1_2' title="bbox 945 465 1075 506">
    <p class='ocr_par' dir='ltr' id='par_1_2' title="bbox 945 465 1075 506">
     <span class='ocr_line' id='line_1_2' title="bbox 945 465 1075 506; baseline 0 0"><span class='ocrx_word' id='word_1_5' title='bbox 945 465 1075 506; x_wconf 61' lang='lat'><em>298</em></span> 
     </span>
    </p>
   </div>
   <div class='ocr_carea' id='block_1_3' title="bbox 687 570 1303 618">
    <p class='ocr_par' dir='ltr' id='par_1_3' title="bbox 687 570 1303 618">
     <span class='ocr_line' id='line_1_3' title="bbox 687 570 1303 618; baseline 0 -2"><span class='ocrx_word' id='word_1_6' title='bbox 687 580 735 616; x_wconf 87' lang='grc' dir='ltr'><em>Ρ.</em></span> <span class='ocrx_word' id='word_1_7' title='bbox 767 579 1101 617; x_wconf 77' lang='lat' dir='ltr'><em>PAscHAsms</em></span> <span class='ocrx_word' id='word_1_8' title='bbox 1128 570 1303 618; x_wconf 61' lang='lat' dir='ltr'><em>BROeT</em></span> 
     </span>
    </p>
   </div>
   <div class='ocr_carea' id='block_1_4' title="bbox 537 690 1467 868">
    <p class='ocr_par' dir='ltr' id='par_1_4' title="bbox 537 690 1467 868">
     <span class='ocr_line' id='line_1_4' title="bbox 537 690 1467 734; baseline 0 0"><span class='ocrx_word' id='word_1_9' title='bbox 537 692 603 734; x_wconf 87' lang='grc' dir='ltr'><em>Ρ.</em></span> <span class='ocrx_word' id='word_1_10' title='bbox 661 690 1148 734; x_wconf 89' lang='lat' dir='ltr'>HIERONYMO</span> <span class='ocrx_word' id='word_1_11' title='bbox 1195 691 1467 734; x_wconf 93' lang='lat' dir='ltr'><strong>NADAL</strong></span> 
     </span>
     <span class='ocr_line' id='line_1_5' title="bbox 699 809 1294 868; baseline -0.002 -14"><span class='ocrx_word' id='word_1_12' title='bbox 699 809 900 865; x_wconf 80' lang='lat' dir='ltr'><em>ParisiiS,</em></span> <span class='ocrx_word' id='word_1_13' title='bbox 932 809 1294 868; x_wconf 87' lang='lat' dir='ltr'><em>17Julii1562¹.</em></span> 
     </span>
    </p>
   </div>
   <div class='ocr_carea' id='block_1_5' title="bbox 174 929 1826 1278">
    <p class='ocr_par' dir='ltr' id='par_1_5' title="bbox 174 929 1826 1278">
     <span class='ocr_line' id='line_1_6' title="bbox 174 929 1824 979; baseline 0.001 -13"><span class='ocrx_word' id='word_1_14' title='bbox 174 939 209 966; x_wconf 85' lang='grc' dir='ltr'><em>Ι.</em></span> <span class='ocrx_word' id='word_1_15' title='bbox 228 930 290 966; x_wconf 91' lang='lat' dir='ltr'><em>De</em></span> <span class='ocrx_word' id='word_1_16' title='bbox 308 931 356 966; x_wconf 91' lang='lat' dir='ltr'><em>P.</em></span> <span class='ocrx_word' id='word_1_17' title='bbox 381 930 548 967; x_wconf 81' lang='lat' dir='ltr'><em>Ottone:</em></span> <span class='ocrx_word' id='word_1_18' title='bbox 561 931 687 978; x_wconf 79' lang='lat' dir='ltr'><em>pestis</em></span> <span class='ocrx_word' id='word_1_19' title='bbox 703 930 884 967; x_wconf 77' lang='lat' dir='ltr'><em>Lutetiae</em></span> <span class='ocrx_word' id='word_1_20' title='bbox 898 933 1223 978; x_wconf 83' lang='lat' dir='ltr'><em>grassatur.—2.</em></span> <span class='ocrx_word' id='word_1_21' title='bbox 1246 929 1423 967; x_wconf 83' lang='lat' dir='ltr'><em>Litterae</em></span> <span class='ocrx_word' id='word_1_22' title='bbox 1438 930 1668 973; x_wconf 84' lang='lat' dir='ltr'><em>Pelletarii,</em></span> <span class='ocrx_word' id='word_1_23' title='bbox 1688 931 1824 979; x_wconf 89' lang='lat' dir='ltr'><em>Auge-</em></span> 
     </span>
     <span class='ocr_line' id='line_1_7' title="bbox 244 989 1822 1038; baseline 0.001 -13"><span class='ocrx_word' id='word_1_24' title='bbox 244 991 303 1026; x_wconf 86' lang='lat' dir='ltr'><em>rii</em></span> <span class='ocrx_word' id='word_1_25' title='bbox 319 993 357 1026; x_wconf 90' lang='lat' dir='ltr'><em>et</em></span> <span class='ocrx_word' id='word_1_26' title='bbox 378 989 580 1027; x_wconf 80' lang='lat' dir='ltr'><em>Guidonis</em></span> <span class='ocrx_word' id='word_1_27' title='bbox 597 991 653 1026; x_wconf 86' lang='lat' dir='ltr'><em>ad</em></span> <span class='ocrx_word' id='word_1_28' title='bbox 666 991 715 1029; x_wconf 93' lang='grc' dir='ltr'><em>Ρ.</em></span> <span class='ocrx_word' id='word_1_29' title='bbox 731 989 870 1026; x_wconf 84' lang='lat' dir='ltr'><em>Nadal</em></span> <span class='ocrx_word' id='word_1_30' title='bbox 885 989 1153 1037; x_wconf 85' lang='lat' dir='ltr'><em>deferuntur:</em></span> <span class='ocrx_word' id='word_1_31' title='bbox 1166 990 1265 1026; x_wconf 87' lang='lat' dir='ltr'><em>socii</em></span> <span class='ocrx_word' id='word_1_32' title='bbox 1277 992 1542 1026; x_wconf 79' lang='lat' dir='ltr'><em>turnonenses</em></span> <span class='ocrx_word' id='word_1_33' title='bbox 1556 991 1822 1038; x_wconf 77' lang='lat' dir='ltr'><em>Billomiper-</em></span> 
     </span>
     <span class='ocr_line' id='line_1_8' title="bbox 242 1049 1821 1099; baseline 0 -13"><span class='ocrx_word' id='word_1_34' title='bbox 242 1052 424 1086; x_wconf 79' lang='lat' dir='ltr'><em>manent:</em></span> <span class='ocrx_word' id='word_1_35' title='bbox 443 1050 494 1086; x_wconf 88' lang='lat' dir='ltr'><em>P.</em></span> <span class='ocrx_word' id='word_1_36' title='bbox 509 1050 653 1099; x_wconf 89' lang='lat' dir='ltr'><em>Auger</em></span> <span class='ocrx_word' id='word_1_37' title='bbox 668 1049 927 1086; x_wconf 82' lang='lat' dir='ltr'><em>claromonte</em></span> <span class='ocrx_word' id='word_1_38' title='bbox 944 1051 1310 1096; x_wconf 77' lang='lat' dir='ltr'><em>concionatur.—-3.</em></span> <span class='ocrx_word' id='word_1_39' title='bbox 1330 1050 1583 1097; x_wconf 82' lang='lat' dir='ltr'><strong><em>Magistrum</em></strong></span> <span class='ocrx_word' id='word_1_40' title='bbox 1604 1051 1821 1086; x_wconf 84' lang='lat' dir='ltr'><em>rhetorices</em></span> 
     </span>
     <span class='ocr_line' id='line_1_9' title="bbox 238 1108 1824 1158; baseline 0.001 -13"><span class='ocrx_word' id='word_1_41' title='bbox 238 1110 421 1157; x_wconf 77' lang='lat' dir='ltr'><em>postulat</em></span> <span class='ocrx_word' id='word_1_42' title='bbox 444 1112 523 1158; x_wconf 78' lang='lat' dir='ltr'><em>pro</em></span> <span class='ocrx_word' id='word_1_43' title='bbox 551 1110 720 1157; x_wconf 84' lang='lat' dir='ltr'><em>collegio</em></span> <span class='ocrx_word' id='word_1_44' title='bbox 743 1109 1075 1154; x_wconf 77' lang='lat' dir='ltr'><em>biliome-nsi.—-4.</em></span> <span class='ocrx_word' id='word_1_45' title='bbox 1103 1110 1181 1145; x_wconf 90' lang='lat' dir='ltr'><em>Res</em></span> <span class='ocrx_word' id='word_1_46' title='bbox 1212 1108 1398 1146; x_wconf 85' lang='lat' dir='ltr'><em>Galliae:</em></span> <span class='ocrx_word' id='word_1_47' title='bbox 1428 1110 1588 1146; x_wconf 88' lang='lat' dir='ltr'><em>Lutetia</em></span> <span class='ocrx_word' id='word_1_48' title='bbox 1612 1110 1824 1146; x_wconf 86' lang='lat' dir='ltr'><em>haereticis</em></span> 
     </span>
     <span class='ocr_line' id='line_1_10' title="bbox 237 1169 1826 1218; baseline 0 -13"><span class='ocrx_word' id='word_1_49' title='bbox 237 1172 425 1218; x_wconf 77' lang='lat' dir='ltr'><em>purgata</em></span> <span class='ocrx_word' id='word_1_50' title='bbox 447 1181 606 1218; x_wconf 85' lang='lat' dir='ltr'><em>magna</em></span> <span class='ocrx_word' id='word_1_51' title='bbox 622 1182 670 1206; x_wconf 80' lang='lat' dir='ltr'><em>ex</em></span> <span class='ocrx_word' id='word_1_52' title='bbox 688 1172 831 1217; x_wconf 79' lang='lat' dir='ltr'><em>parte.-</em></span> <span class='ocrx_word' id='word_1_53' title='bbox 856 1170 1051 1206; x_wconf 81' lang='lat' dir='ltr'><em>haeretici</em></span> <span class='ocrx_word' id='word_1_54' title='bbox 1074 1170 1206 1206; x_wconf 84' lang='lat' dir='ltr'><em>variis</em></span> <span class='ocrx_word' id='word_1_55' title='bbox 1228 1181 1248 1205; x_wconf 89' lang='lat' dir='ltr'><em>e</em></span> <span class='ocrx_word' id='word_1_56' title='bbox 1277 1169 1509 1206; x_wconf 84' lang='lat' dir='ltr'><em>civitatibus</em></span> <span class='ocrx_word' id='word_1_57' title='bbox 1527 1170 1826 1217; x_wconf 79' lang='lat' dir='ltr'><em>propulsati.—</em></span> 
     </span>
     <span class='ocr_line' id='line_1_11' title="bbox 241 1228 1059 1278; baseline -0.001 -13"><span class='ocrx_word' id='word_1_58' title='bbox 241 1238 278 1274; x_wconf 83' lang='lat'><em>5,</em></span> <span class='ocrx_word' id='word_1_59' title='bbox 298 1229 336 1265; x_wconf 90' lang='lat'><em>6.</em></span> <span class='ocrx_word' id='word_1_60' title='bbox 359 1228 543 1278; x_wconf 88' lang='lat' dir='ltr'><em>Collegia</em></span> <span class='ocrx_word' id='word_1_61' title='bbox 558 1230 710 1266; x_wconf 83' lang='lat' dir='ltr'><em>Ruteni</em></span> <span class='ocrx_word' id='word_1_62' title='bbox 726 1232 764 1266; x_wconf 88' lang='lat' dir='ltr'><em>et</em></span> <span class='ocrx_word' id='word_1_63' title='bbox 791 1230 968 1272; x_wconf 87' lang='lat' dir='ltr'><em>Tolosae,</em></span> <span class='ocrx_word' id='word_1_64' title='bbox 988 1232 1059 1265; x_wconf 86' lang='lat' dir='ltr'><em>etc.</em></span> 
     </span>
    </p>
   </div>
   <div class='ocr_carea' id='block_1_6' title="bbox 167 1353 1823 2034">
    <p class='ocr_par' dir='ltr' id='par_1_6' title="bbox 261 1353 1818 1412">
     <span class='ocr_line' id='line_1_12' title="bbox 261 1353 1818 1412; baseline 0 -14"><span class='ocrx_word' id='word_1_65' title='bbox 261 1355 322 1398; x_wconf 91' lang='lat' dir='ltr'><em>Al</em></span> <span class='ocrx_word' id='word_1_66' title='bbox 338 1356 402 1399; x_wconf 94' lang='lat' dir='ltr'><em>M.</em></span> <span class='ocrx_word' id='word_1_67' title='bbox 422 1356 477 1398; x_wconf 91' lang='lat' dir='ltr'><em>R.</em></span> <span class='ocrx_word' id='word_1_68' title='bbox 500 1356 548 1399; x_wconf 91' lang='lat' dir='ltr'><em>P.</em></span> <span class='ocrx_word' id='word_1_69' title='bbox 570 1356 634 1398; x_wconf 90' lang='lat' dir='ltr'><em>M.</em></span> <span class='ocrx_word' id='word_1_70' title='bbox 656 1355 819 1408; x_wconf 91' lang='lat' dir='ltr'><em>Nadal‚</em></span> <span class='ocrx_word' id='word_1_71' title='bbox 839 1353 1149 1399; x_wconf 84' lang='lat' dir='ltr'><em>commissario</em></span> <span class='ocrx_word' id='word_1_72' title='bbox 1165 1355 1283 1399; x_wconf 91' lang='lat' dir='ltr'><em>della</em></span> <span class='ocrx_word' id='word_1_73' title='bbox 1301 1353 1586 1412; x_wconf 85' lang='lat' dir='ltr'><em>Compagnia</em></span> <span class='ocrx_word' id='word_1_74' title='bbox 1602 1354 1648 1398; x_wconf 92' lang='lat' dir='ltr'><em>di</em></span> <span class='ocrx_word' id='word_1_75' title='bbox 1670 1355 1818 1408; x_wconf 74' lang='lat' dir='ltr'><em>Gesu,</em></span> 
     </span>
    </p>

    <p class='ocr_par' dir='ltr' id='par_1_7' title="bbox 174 1431 1046 1568">
     <span class='ocr_line' id='line_1_13' title="bbox 174 1431 431 1475; baseline 0.004 -1"><span class='ocrx_word' id='word_1_76' title='bbox 174 1445 200 1474; x_wconf 91' lang='lat' dir='ltr'><em>a</em></span> <span class='ocrx_word' id='word_1_77' title='bbox 225 1431 431 1475; x_wconf 89' lang='lat' dir='ltr'><em>Colonia.</em></span> 
     </span>
     <span class='ocr_line' id='line_1_14' title="bbox 947 1511 1046 1568; baseline 0 -15"><span class='ocrx_word' id='word_1_78' title='bbox 947 1511 1046 1568; x_wconf 90' lang='lat' dir='ltr'><em>Jhs.</em></span> 
     </span>
    </p>

    <p class='ocr_par' dir='ltr' id='par_1_8' title="bbox 265 1588 463 1634">
     <span class='ocr_line' id='line_1_15' title="bbox 265 1588 463 1634; baseline -0.005 0"><span class='ocrx_word' id='word_1_79' title='bbox 265 1590 362 1634; x_wconf 86' lang='lat' dir='ltr'><em>Pax</em></span> <span class='ocrx_word' id='word_1_80' title='bbox 384 1588 463 1634; x_wconf 83' lang='lat' dir='ltr'><em>X.i</em></span> 
     </span>
    </p>

    <p class='ocr_par' dir='ltr' id='par_1_9' title="bbox 167 1664 1823 2034">
     <span class='ocr_line' id='line_1_16' title="bbox 268 1664 1823 1717; baseline -0.002 -5"><span class='ocrx_word' id='word_1_81' title='bbox 268 1680 305 1712; x_wconf 92' lang='lat'><strong>1.</strong></span> <span class='ocrx_word' id='word_1_82' title='bbox 373 1667 515 1712; x_wconf 90' lang='lat' dir='ltr'><em>Molto</em></span> <span class='ocrx_word' id='word_1_83' title='bbox 531 1666 801 1711; x_wconf 90' lang='lat' dir='ltr'><em>Reverendo</em></span> <span class='ocrx_word' id='word_1_84' title='bbox 822 1665 870 1709; x_wconf 90' lang='lat' dir='ltr'><em>in</em></span> <span class='ocrx_word' id='word_1_85' title='bbox 892 1665 1044 1710; x_wconf 90' lang='lat' dir='ltr'><em>Cristo</em></span> <span class='ocrx_word' id='word_1_86' title='bbox 1075 1665 1237 1710; x_wconf 88' lang='lat' dir='ltr'><em>Padre.</em></span> <span class='ocrx_word' id='word_1_87' title='bbox 1265 1665 1340 1710; x_wconf 92' lang='lat' dir='ltr'><em>Ho</em></span> <span class='ocrx_word' id='word_1_88' title='bbox 1363 1664 1570 1717; x_wconf 85' lang='lat' dir='ltr'><em>ricevuto</em></span> <span class='ocrx_word' id='word_1_89' title='bbox 1597 1666 1640 1709; x_wconf 97' lang='grc'><strong>13</strong></span> <span class='ocrx_word' id='word_1_90' title='bbox 1661 1665 1823 1709; x_wconf 83' lang='lat' dir='ltr'><em>lettera</em></span> 
     </span>
     <span class='ocr_line' id='line_1_17' title="bbox 171 1743 1820 1802; baseline -0.001 -13"><span class='ocrx_word' id='word_1_91' title='bbox 171 1746 217 1789; x_wconf 88' lang='lat' dir='ltr'><em>di</em></span> <span class='ocrx_word' id='word_1_92' title='bbox 240 1747 298 1790; x_wconf 93' lang='lat' dir='ltr'><em>V.</em></span> <span class='ocrx_word' id='word_1_93' title='bbox 326 1747 381 1790; x_wconf 90' lang='lat' dir='ltr'><em>R.</em></span> <span class='ocrx_word' id='word_1_94' title='bbox 414 1746 429 1766; x_wconf 79' lang='lat'>²</span> <span class='ocrx_word' id='word_1_95' title='bbox 463 1760 545 1802; x_wconf 88' lang='lat' dir='ltr'><em>per</em></span> <span class='ocrx_word' id='word_1_96' title='bbox 565 1758 722 1789; x_wconf 88' lang='lat' dir='ltr'><em>mezzo</em></span> <span class='ocrx_word' id='word_1_97' title='bbox 759 1744 832 1788; x_wconf 89' lang='lat' dir='ltr'><em>del</em></span> <span class='ocrx_word' id='word_1_98' title='bbox 871 1745 924 1787; x_wconf 92' lang='lat' dir='ltr'><em>P.</em></span> <span class='ocrx_word' id='word_1_99' title='bbox 967 1744 1082 1788; x_wconf 90' lang='lat' dir='ltr'><em>Otto</em></span> <span class='ocrx_word' id='word_1_100' title='bbox 1110 1745 1142 1797; x_wconf 80' lang='lat'><em>⁵,</em></span> <span class='ocrx_word' id='word_1_101' title='bbox 1176 1744 1310 1801; x_wconf 86' lang='lat' dir='ltr'><em>quale</em></span> <span class='ocrx_word' id='word_1_102' title='bbox 1339 1750 1410 1787; x_wconf 90' lang='lat' dir='ltr'><em>sta</em></span> <span class='ocrx_word' id='word_1_103' title='bbox 1431 1758 1520 1787; x_wconf 92' lang='lat' dir='ltr'><em>con</em></span> <span class='ocrx_word' id='word_1_104' title='bbox 1542 1743 1634 1797; x_wconf 92' lang='lat' dir='ltr'><em>noi,</em></span> <span class='ocrx_word' id='word_1_105' title='bbox 1667 1760 1693 1788; x_wconf 91' lang='lat' dir='ltr'><em>e</em></span> <span class='ocrx_word' id='word_1_106' title='bbox 1716 1745 1760 1788; x_wconf 88' lang='lat' dir='ltr'><em>fa</em></span> <span class='ocrx_word' id='word_1_107' title='bbox 1790 1745 1820 1787; x_wconf 92' lang='lat' dir='ltr'><em>li</em></span> 
     </span>
     <span class='ocr_line' id='line_1_18' title="bbox 170 1820 1819 1879; baseline -0.001 -12"><span class='ocrx_word' id='word_1_108' title='bbox 170 1823 365 1867; x_wconf 85' lang='lat' dir='ltr'><em>exercizi</em></span> <span class='ocrx_word' id='word_1_109' title='bbox 382 1822 519 1876; x_wconf 88' lang='lat' dir='ltr'><em>bassi,</em></span> <span class='ocrx_word' id='word_1_110' title='bbox 545 1837 678 1867; x_wconf 89' lang='lat' dir='ltr'><em>come</em></span> <span class='ocrx_word' id='word_1_111' title='bbox 694 1823 753 1866; x_wconf 94' lang='lat' dir='ltr'><em>V.</em></span> <span class='ocrx_word' id='word_1_112' title='bbox 779 1823 834 1866; x_wconf 89' lang='lat' dir='ltr'><em>R.</em></span> <span class='ocrx_word' id='word_1_113' title='bbox 859 1823 920 1865; x_wconf 89' lang='lat' dir='ltr'><em>ha</em></span> <span class='ocrx_word' id='word_1_114' title='bbox 936 1822 1079 1874; x_wconf 82' lang='lat' dir='ltr'><em>detto,</em></span> <span class='ocrx_word' id='word_1_115' title='bbox 1099 1837 1125 1866; x_wconf 89' lang='lat' dir='ltr'><em>e</em></span> <span class='ocrx_word' id='word_1_116' title='bbox 1141 1821 1282 1878; x_wconf 85' lang='lat' dir='ltr'><em>legge</em></span> <span class='ocrx_word' id='word_1_117' title='bbox 1300 1836 1391 1865; x_wconf 89' lang='lat' dir='ltr'><em>una</em></span> <span class='ocrx_word' id='word_1_118' title='bbox 1407 1820 1583 1866; x_wconf 89' lang='lat' dir='ltr'><em>lezione</em></span> <span class='ocrx_word' id='word_1_119' title='bbox 1600 1820 1644 1864; x_wconf 94' lang='lat' dir='ltr'><em>di</em></span> <span class='ocrx_word' id='word_1_120' title='bbox 1662 1836 1819 1879; x_wconf 85' lang='lat' dir='ltr'><em>gram-</em></span> 
     </span>
     <span class='ocr_line' id='line_1_19' title="bbox 168 1898 1817 1956; baseline -0.001 -11"><span class='ocrx_word' id='word_1_121' title='bbox 168 1900 333 1945; x_wconf 90' lang='lat' dir='ltr'><em>matica</em></span> <span class='ocrx_word' id='word_1_122' title='bbox 349 1916 376 1944; x_wconf 90' lang='lat' dir='ltr'><em>a</em></span> <span class='ocrx_word' id='word_1_123' title='bbox 399 1899 592 1944; x_wconf 91' lang='lat' dir='ltr'><em>Claudio</em></span> <span class='ocrx_word' id='word_1_124' title='bbox 614 1915 640 1944; x_wconf 91' lang='lat' dir='ltr'><em>e</em></span> <span class='ocrx_word' id='word_1_125' title='bbox 661 1899 927 1956; x_wconf 86' lang='lat' dir='ltr'><em>Guglielmo</em></span> <span class='ocrx_word' id='word_1_126' title='bbox 948 1898 995 1942; x_wconf 91' lang='lat' dir='ltr'><em>in</em></span> <span class='ocrx_word' id='word_1_127' title='bbox 1018 1913 1123 1943; x_wconf 86' lang='lat' dir='ltr'><em>casa</em></span> <span class='ocrx_word' id='word_1_128' title='bbox 1145 1913 1226 1955; x_wconf 91' lang='lat' dir='ltr'><em>per</em></span> <span class='ocrx_word' id='word_1_129' title='bbox 1254 1912 1393 1942; x_wconf 88' lang='lat' dir='ltr'><em>causa</em></span> <span class='ocrx_word' id='word_1_130' title='bbox 1420 1898 1540 1943; x_wconf 88' lang='lat' dir='ltr'><em>della</em></span> <span class='ocrx_word' id='word_1_131' title='bbox 1560 1906 1704 1955; x_wconf 90' lang='lat' dir='ltr'><em>peste,</em></span> <span class='ocrx_word' id='word_1_132' title='bbox 1731 1901 1817 1943; x_wconf 90' lang='lat' dir='ltr'><em>che</em></span> 
     </span>
     <span class='ocr_line' id='line_1_20' title="bbox 167 1975 1816 2034; baseline -0.001 -12"><span class='ocrx_word' id='word_1_133' title='bbox 167 1980 192 2022; x_wconf 79' lang='lat' dir='ltr'><em>e</em></span> <span class='ocrx_word' id='word_1_134' title='bbox 208 1979 377 2023; x_wconf 89' lang='lat' dir='ltr'><em>-dentro</em></span> <span class='ocrx_word' id='word_1_135' title='bbox 400 1978 430 2021; x_wconf 93' lang='lat' dir='ltr'><em>li</em></span> <span class='ocrx_word' id='word_1_136' title='bbox 451 1976 650 2034; x_wconf 89' lang='lat' dir='ltr'><em>collegii;</em></span> <span class='ocrx_word' id='word_1_137' title='bbox 676 1991 750 2020; x_wconf 91' lang='lat' dir='ltr'><em>ma</em></span> <span class='ocrx_word' id='word_1_138' title='bbox 771 1975 896 2033; x_wconf 92' lang='lat' dir='ltr'><em>dipoi</em></span> <span class='ocrx_word' id='word_1_139' title='bbox 918 1977 1004 2020; x_wconf 92' lang='lat' dir='ltr'><em>che</em></span> <span class='ocrx_word' id='word_1_140' title='bbox 1025 1978 1127 2019; x_wconf 81' lang='lat' dir='ltr'><em>sara</em></span> <span class='ocrx_word' id='word_1_141' title='bbox 1143 1975 1272 2019; x_wconf 89' lang='lat' dir='ltr'><em>finita</em></span> <span class='ocrx_word' id='word_1_142' title='bbox 1293 1976 1338 2019; x_wconf 91' lang='lat' dir='ltr'><em>la</em></span> <span class='ocrx_word' id='word_1_143' title='bbox 1358 1982 1505 2033; x_wconf 85' lang='lat' dir='ltr'><em>peste,</em></span> <span class='ocrx_word' id='word_1_144' title='bbox 1530 1975 1561 2018; x_wconf 95' lang='lat' dir='ltr'><em>li</em></span> <span class='ocrx_word' id='word_1_145' title='bbox 1583 1975 1816 2020; x_wconf 85' lang='lat' dir='ltr'><em>rimande-</em></span> 
     </span>
    </p>
   </div>
   <div class='ocr_carea' id='block_1_7' title="bbox 168 2054 1817 2188">
    <p class='ocr_par' dir='ltr' id='par_1_10' title="bbox 168 2054 1817 2188">
     <span class='ocr_line' id='line_1_21' title="bbox 168 2054 610 2112; baseline -0.005 -12"><span class='ocrx_word' id='word_1_146' title='bbox 168 2071 312 2100; x_wconf 91' lang='lat' dir='ltr'><em>ranno</em></span> <span class='ocrx_word' id='word_1_147' title='bbox 334 2056 377 2100; x_wconf 92' lang='lat' dir='ltr'><em>al</em></span> <span class='ocrx_word' id='word_1_148' title='bbox 398 2054 610 2112; x_wconf 88' lang='lat' dir='ltr'><em>collegio.</em></span> 
     </span>
     <span class='ocr_line' id='line_1_22' title="bbox 257 2131 1817 2188; baseline -0.001 -11"><span class='ocrx_word' id='word_1_149' title='bbox 257 2146 299 2177; x_wconf 89' lang='lat'><strong>2.</strong></span> <span class='ocrx_word' id='word_1_150' title='bbox 366 2134 534 2178; x_wconf 91' lang='lat' dir='ltr'><em>Mando</em></span> <span class='ocrx_word' id='word_1_151' title='bbox 562 2147 650 2176; x_wconf 92' lang='lat' dir='ltr'><em>con</em></span> <span class='ocrx_word' id='word_1_152' title='bbox 677 2132 721 2175; x_wconf 92' lang='grc'><strong>13</strong></span> <span class='ocrx_word' id='word_1_153' title='bbox 748 2138 960 2188; x_wconf 84' lang='lat' dir='ltr'><em>presente</em></span> <span class='ocrx_word' id='word_1_154' title='bbox 992 2146 1018 2175; x_wconf 88' lang='grc'><strong>3</strong></span> <span class='ocrx_word' id='word_1_155' title='bbox 1047 2132 1105 2176; x_wconf 93' lang='lat' dir='ltr'><em>V.</em></span> <span class='ocrx_word' id='word_1_156' title='bbox 1139 2133 1193 2176; x_wconf 91' lang='lat' dir='ltr'><em>R.</em></span> <span class='ocrx_word' id='word_1_157' title='bbox 1221 2132 1264 2175; x_wconf 92' lang='grc'><em>13</em></span> <span class='ocrx_word' id='word_1_158' title='bbox 1290 2132 1453 2176; x_wconf 88' lang='lat' dir='ltr'><em>lettera</em></span> <span class='ocrx_word' id='word_1_159' title='bbox 1476 2131 1521 2175; x_wconf 93' lang='lat' dir='ltr'><em>di</em></span> <span class='ocrx_word' id='word_1_160' title='bbox 1554 2132 1720 2175; x_wconf 85' lang='lat' dir='ltr'><em>Tolosa</em></span> <span class='ocrx_word' id='word_1_161' title='bbox 1742 2131 1817 2175; x_wconf 87' lang='lat' dir='ltr'><em>del</em></span> 
     </span>
    </p>
   </div>
   <div class='ocr_carea' id='block_1_8' title="bbox 170 2246 434 2253">
    <p class='ocr_par' dir='ltr' id='par_1_11' title="bbox 170 2246 434 2253">
     <span class='ocr_line' id='line_1_23' title="bbox 170 2246 434 2253; baseline 0 0"><span class='ocrx_word' id='word_1_162' title='bbox 170 2246 434 2253; x_wconf 95' lang='lat' dir='ltr'><em> </em></span> 
     </span>
    </p>
   </div>
   <div class='ocr_carea' id='block_1_9' title="bbox 163 2297 1817 3122">
    <p class='ocr_par' dir='ltr' id='par_1_12' title="bbox 164 2297 1817 2646">
     <span class='ocr_line' id='line_1_24' title="bbox 242 2297 1817 2347; baseline 0 -11"><span class='ocrx_word' id='word_1_163' title='bbox 242 2303 251 2323; x_wconf 82' lang='lat'><em>¹</em></span> <span class='ocrx_word' id='word_1_164' title='bbox 302 2301 361 2336; x_wconf 85' lang='lat' dir='ltr'><em>Ex</em></span> <span class='ocrx_word' id='word_1_165' title='bbox 380 2305 641 2347; x_wconf 90' lang='lat' dir='ltr'><em>transumpto,</em></span> <span class='ocrx_word' id='word_1_166' title='bbox 661 2312 778 2335; x_wconf 90' lang='lat' dir='ltr'><em>manu</em></span> <span class='ocrx_word' id='word_1_167' title='bbox 796 2298 924 2335; x_wconf 90' lang='lat' dir='ltr'><em>Patris</em></span> <span class='ocrx_word' id='word_1_168' title='bbox 943 2300 1071 2335; x_wconf 93' lang='lat' dir='ltr'><em>Boero</em></span> <span class='ocrx_word' id='word_1_169' title='bbox 1089 2305 1265 2347; x_wconf 84' lang='lat' dir='ltr'><em>exarato,</em></span> <span class='ocrx_word' id='word_1_170' title='bbox 1290 2297 1396 2347; x_wconf 90' lang='lat' dir='ltr'><em>quod</em></span> <span class='ocrx_word' id='word_1_171' title='bbox 1420 2299 1588 2335; x_wconf 88' lang='lat' dir='ltr'><em>habetur</em></span> <span class='ocrx_word' id='word_1_172' title='bbox 1616 2298 1655 2335; x_wconf 93' lang='lat' dir='ltr'><em>in</em></span> <span class='ocrx_word' id='word_1_173' title='bbox 1680 2297 1817 2336; x_wconf 87' lang='lat' dir='ltr'><em>codice</em></span> 
     </span>
     <span class='ocr_line' id='line_1_25' title="bbox 166 2358 1817 2407; baseline -0.001 -12"><span class='ocrx_word' id='word_1_174' title='bbox 166 2359 385 2407; x_wconf 87' lang='lat' dir='ltr'><em>antiquitus</em></span> <span class='ocrx_word' id='word_1_175' title='bbox 399 2365 619 2407; x_wconf 89' lang='lat' dir='ltr'><em>compacto,</em></span> <span class='ocrx_word' id='word_1_176' title='bbox 638 2359 678 2395; x_wconf 91' lang='lat' dir='ltr'><em>in</em></span> <span class='ocrx_word' id='word_1_177' title='bbox 697 2359 763 2406; x_wconf 86' lang='lat' dir='ltr'><strong>f.0‚</strong></span> <span class='ocrx_word' id='word_1_178' title='bbox 786 2359 853 2405; x_wconf 88' lang='lat'><em>198</em></span> <span class='ocrx_word' id='word_1_179' title='bbox 871 2358 1059 2406; x_wconf 88' lang='lat' dir='ltr'><em>epistolas</em></span> <span class='ocrx_word' id='word_1_180' title='bbox 1077 2358 1322 2394; x_wconf 86' lang='lat' dir='ltr'><em>continente.</em></span> <span class='ocrx_word' id='word_1_181' title='bbox 1338 2358 1510 2405; x_wconf 77' lang='lat' dir='ltr'><em>Titulus,</em></span> <span class='ocrx_word' id='word_1_182' title='bbox 1526 2359 1566 2394; x_wconf 92' lang='lat' dir='ltr'><em>in</em></span> <span class='ocrx_word' id='word_1_183' title='bbox 1580 2358 1696 2394; x_wconf 86' lang='lat' dir='ltr'><em>dorso</em></span> <span class='ocrx_word' id='word_1_184' title='bbox 1715 2358 1817 2394; x_wconf 85' lang='lat' dir='ltr'><em>litte-</em></span> 
     </span>
     <span class='ocr_line' id='line_1_26' title="bbox 166 2417 1817 2466; baseline -0.001 -12"><span class='ocrx_word' id='word_1_185' title='bbox 166 2419 219 2454; x_wconf 85' lang='lat' dir='ltr'><em>ris</em></span> <span class='ocrx_word' id='word_1_186' title='bbox 251 2419 379 2455; x_wconf 86' lang='lat' dir='ltr'><em>aureis</em></span> <span class='ocrx_word' id='word_1_187' title='bbox 411 2418 585 2466; x_wconf 82' lang='lat' dir='ltr'><em>positus,</em></span> <span class='ocrx_word' id='word_1_188' title='bbox 616 2424 678 2455; x_wconf 92' lang='lat' dir='ltr'><em>est</em></span> <span class='ocrx_word' id='word_1_189' title='bbox 708 2418 951 2465; x_wconf 89' lang='lat' dir='ltr'><em>hujusmodi:</em></span> <span class='ocrx_word' id='word_1_190' title='bbox 981 2417 1278 2456; x_wconf 89' lang='lat' dir='ltr'><strong>EPISTOLAE</strong></span> <span class='ocrx_word' id='word_1_191' title='bbox 1303 2419 1381 2454; x_wconf 91' lang='lat' dir='ltr'><strong>PP.</strong></span> <span class='ocrx_word' id='word_1_192' title='bbox 1414 2419 1532 2464; x_wconf 89' lang='lat' dir='ltr'>JAII,</span> <span class='ocrx_word' id='word_1_193' title='bbox 1562 2418 1720 2453; x_wconf 88' lang='lat' dir='ltr'><strong>FABRI</strong></span> <span class='ocrx_word' id='word_1_194' title='bbox 1750 2417 1817 2453; x_wconf 88' lang='lat' dir='ltr'><em>ET</em></span> 
     </span>
     <span class='ocr_line' id='line_1_27' title="bbox 168 2476 1816 2525; baseline -0.001 -11"><span class='ocrx_word' id='word_1_195' title='bbox 168 2478 357 2516; x_wconf 88' lang='lat' dir='ltr'><strong>BROET.</strong></span> <span class='ocrx_word' id='word_1_196' title='bbox 383 2478 542 2525; x_wconf 85' lang='lat' dir='ltr'><em>Duplici</em></span> <span class='ocrx_word' id='word_1_197' title='bbox 564 2479 632 2514; x_wconf 83' lang='lat' dir='ltr'><em>fol.</em></span> <span class='ocrx_word' id='word_1_198' title='bbox 663 2479 774 2523; x_wconf 63' lang='lat' dir='ltr'><em>min„</em></span> <span class='ocrx_word' id='word_1_199' title='bbox 804 2479 884 2525; x_wconf 89' lang='lat'>198,</span> <span class='ocrx_word' id='word_1_200' title='bbox 905 2482 1060 2514; x_wconf 90' lang='lat' dir='ltr'><em>constat</em></span> <span class='ocrx_word' id='word_1_201' title='bbox 1079 2479 1176 2514; x_wconf 85' lang='lat' dir='ltr'><em>haec</em></span> <span class='ocrx_word' id='word_1_202' title='bbox 1195 2478 1377 2525; x_wconf 87' lang='lat' dir='ltr'><em>epistola,</em></span> <span class='ocrx_word' id='word_1_203' title='bbox 1396 2478 1459 2513; x_wconf 88' lang='lat' dir='ltr'><em>cui</em></span> <span class='ocrx_word' id='word_1_204' title='bbox 1479 2477 1518 2513; x_wconf 89' lang='lat' dir='ltr'><em>in</em></span> <span class='ocrx_word' id='word_1_205' title='bbox 1538 2488 1604 2513; x_wconf 88' lang='lat' dir='ltr'><em>ora</em></span> <span class='ocrx_word' id='word_1_206' title='bbox 1629 2476 1816 2513; x_wconf 86' lang='lat' dir='ltr'><em>exteriori</em></span> 
     </span>
     <span class='ocr_line' id='line_1_28' title="bbox 166 2537 1813 2586; baseline -0.001 -12"><span class='ocrx_word' id='word_1_207' title='bbox 166 2538 314 2585; x_wconf 85' lang='lat' dir='ltr'><em>primae</em></span> <span class='ocrx_word' id='word_1_208' title='bbox 334 2550 423 2585; x_wconf 86' lang='lat' dir='ltr'><em>pag.</em></span> <span class='ocrx_word' id='word_1_209' title='bbox 443 2539 540 2574; x_wconf 90' lang='lat' dir='ltr'><em>haec</em></span> <span class='ocrx_word' id='word_1_210' title='bbox 558 2539 759 2575; x_wconf 85' lang='lat' dir='ltr'><em>annotatio</em></span> <span class='ocrx_word' id='word_1_211' title='bbox 783 2540 832 2574; x_wconf 86' lang='lat' dir='ltr'><em>ab</em></span> <span class='ocrx_word' id='word_1_212' title='bbox 863 2539 948 2586; x_wconf 88' lang='lat' dir='ltr'><em>ipso</em></span> <span class='ocrx_word' id='word_1_213' title='bbox 978 2539 1022 2574; x_wconf 88' lang='lat' dir='ltr'><strong>P.</strong></span> <span class='ocrx_word' id='word_1_214' title='bbox 1043 2539 1170 2574; x_wconf 88' lang='lat' dir='ltr'><em>Boero</em></span> <span class='ocrx_word' id='word_1_215' title='bbox 1188 2538 1376 2586; x_wconf 90' lang='lat' dir='ltr'><em>inscripta</em></span> <span class='ocrx_word' id='word_1_216' title='bbox 1395 2543 1473 2573; x_wconf 90' lang='lat' dir='ltr'><em>est:</em></span> <span class='ocrx_word' id='word_1_217' title='bbox 1496 2537 1694 2584; x_wconf 75' lang='lat' dir='ltr'><em>«Copiata</em></span> <span class='ocrx_word' id='word_1_218' title='bbox 1712 2537 1813 2573; x_wconf 85' lang='lat' dir='ltr'><em>dall’</em></span> 
     </span>
     <span class='ocr_line' id='line_1_29' title="bbox 164 2597 1563 2646; baseline -0.001 -13"><span class='ocrx_word' id='word_1_219' title='bbox 164 2599 385 2646; x_wconf 82' lang='lat' dir='ltr'><em>originale,</em></span> <span class='ocrx_word' id='word_1_220' title='bbox 397 2598 472 2646; x_wconf 71' lang='lat' dir='ltr'><em>gia</em></span> <span class='ocrx_word' id='word_1_221' title='bbox 486 2602 636 2646; x_wconf 82' lang='lat' dir='ltr'><em>guasto</em></span> <span class='ocrx_word' id='word_1_222' title='bbox 652 2611 672 2635; x_wconf 91' lang='lat' dir='ltr'><em>e</em></span> <span class='ocrx_word' id='word_1_223' title='bbox 689 2601 864 2635; x_wconf 87' lang='lat' dir='ltr'><em>corrotto</em></span> <span class='ocrx_word' id='word_1_224' title='bbox 882 2599 927 2634; x_wconf 84' lang='lat' dir='ltr'><em>in</em></span> <span class='ocrx_word' id='word_1_225' title='bbox 940 2597 1018 2646; x_wconf 65' lang='lat' dir='ltr'><em>pia</em></span> <span class='ocrx_word' id='word_1_226' title='bbox 1036 2598 1191 2646; x_wconf 82' lang='lat' dir='ltr'><em>Iuoghi.</em></span> <span class='ocrx_word' id='word_1_227' title='bbox 1213 2599 1250 2644; x_wconf 83' lang='lat' dir='ltr'><strong>J.</strong></span> <span class='ocrx_word' id='word_1_228' title='bbox 1271 2599 1419 2634; x_wconf 86' lang='lat' dir='ltr'>BOERO</span> <span class='ocrx_word' id='word_1_229' title='bbox 1439 2598 1479 2633; x_wconf 90' lang='lat' dir='ltr'><strong>S.</strong></span> <span class='ocrx_word' id='word_1_230' title='bbox 1501 2598 1563 2643; x_wconf 86' lang='lat' dir='ltr'><strong>J.»</strong></span> 
     </span>
    </p>

    <p class='ocr_par' dir='ltr' id='par_1_13' title="bbox 237 2657 970 2705">
     <span class='ocr_line' id='line_1_30' title="bbox 237 2657 970 2705; baseline 0 -12"><span class='ocrx_word' id='word_1_231' title='bbox 237 2660 251 2680; x_wconf 75' lang='lat'>²</span> <span class='ocrx_word' id='word_1_232' title='bbox 303 2658 413 2693; x_wconf 88' lang='lat' dir='ltr'><em>Haec</em></span> <span class='ocrx_word' id='word_1_233' title='bbox 431 2657 598 2704; x_wconf 89' lang='lat' dir='ltr'><em>epistola</em></span> <span class='ocrx_word' id='word_1_234' title='bbox 615 2658 781 2705; x_wconf 88' lang='lat' dir='ltr'><em>periisse</em></span> <span class='ocrx_word' id='word_1_235' title='bbox 799 2657 970 2694; x_wconf 90' lang='lat' dir='ltr'><em>videtur.</em></span> 
     </span>
    </p>

    <p class='ocr_par' dir='ltr' id='par_1_14' title="bbox 163 2716 1817 3122">
     <span class='ocr_line' id='line_1_31' title="bbox 234 2716 1814 2764; baseline 0.001 -12"><span class='ocrx_word' id='word_1_236' title='bbox 234 2718 248 2739; x_wconf 75' lang='lat'>³</span> <span class='ocrx_word' id='word_1_237' title='bbox 299 2716 428 2763; x_wconf 89' lang='lat' dir='ltr'><em>Hujus</em></span> <span class='ocrx_word' id='word_1_238' title='bbox 446 2717 574 2753; x_wconf 84' lang='lat' dir='ltr'><em>Patris</em></span> <span class='ocrx_word' id='word_1_239' title='bbox 592 2728 814 2763; x_wconf 89' lang='lat' dir='ltr'><em>cognomen</em></span> <span class='ocrx_word' id='word_1_240' title='bbox 832 2717 1071 2764; x_wconf 89' lang='lat' dir='ltr'><em>ignoramus.</em></span> <span class='ocrx_word' id='word_1_241' title='bbox 1092 2718 1138 2753; x_wconf 90' lang='lat' dir='ltr'><em>In</em></span> <span class='ocrx_word' id='word_1_242' title='bbox 1160 2717 1257 2754; x_wconf 85' lang='lat' dir='ltr'><em>Cod.</em></span> <span class='ocrx_word' id='word_1_243' title='bbox 1274 2717 1334 2760; x_wconf 86' lang='lat'><em>16,</em></span> <span class='ocrx_word' id='word_1_244' title='bbox 1351 2717 1421 2763; x_wconf 92' lang='lat' dir='ltr'><em>IV,</em></span> <span class='ocrx_word' id='word_1_245' title='bbox 1441 2716 1526 2762; x_wconf 86' lang='lat'>344,</span> <span class='ocrx_word' id='word_1_246' title='bbox 1541 2716 1711 2752; x_wconf 87' lang='lat' dir='ltr'><em>habetur</em></span> <span class='ocrx_word' id='word_1_247' title='bbox 1723 2726 1814 2753; x_wconf 86' lang='lat' dir='ltr'><em>exa-</em></span> 
     </span>
     <span class='ocr_line' id='line_1_32' title="bbox 164 2775 1815 2824; baseline -0.001 -11"><span class='ocrx_word' id='word_1_248' title='bbox 164 2789 255 2813; x_wconf 91' lang='lat' dir='ltr'><em>men</em></span> <span class='ocrx_word' id='word_1_249' title='bbox 273 2777 401 2812; x_wconf 87' lang='lat' dir='ltr'><em>Patris</em></span> <span class='ocrx_word' id='word_1_250' title='bbox 419 2775 596 2823; x_wconf 82' lang='lat' dir='ltr'><em>ottonis,</em></span> <span class='ocrx_word' id='word_1_251' title='bbox 613 2776 663 2812; x_wconf 89' lang='lat' dir='ltr'><em>de</em></span> <span class='ocrx_word' id='word_1_252' title='bbox 680 2788 758 2824; x_wconf 93' lang='lat' dir='ltr'><em>quo</em></span> <span class='ocrx_word' id='word_1_253' title='bbox 775 2777 840 2812; x_wconf 90' lang='lat' dir='ltr'><em>hic</em></span> <span class='ocrx_word' id='word_1_254' title='bbox 864 2788 993 2813; x_wconf 85' lang='lat' dir='ltr'><em>sermo</em></span> <span class='ocrx_word' id='word_1_255' title='bbox 1017 2788 1106 2812; x_wconf 90' lang='lat' dir='ltr'><em>esse</em></span> <span class='ocrx_word' id='word_1_256' title='bbox 1131 2777 1302 2813; x_wconf 89' lang='lat' dir='ltr'><em>videtur.</em></span> <span class='ocrx_word' id='word_1_257' title='bbox 1327 2778 1387 2812; x_wconf 91' lang='lat' dir='ltr'><em>En</em></span> <span class='ocrx_word' id='word_1_258' title='bbox 1412 2787 1535 2823; x_wconf 92' lang='lat' dir='ltr'><em>pauca</em></span> <span class='ocrx_word' id='word_1_259' title='bbox 1562 2775 1654 2811; x_wconf 91' lang='lat' dir='ltr'><em>inde</em></span> <span class='ocrx_word' id='word_1_260' title='bbox 1678 2787 1815 2812; x_wconf 89' lang='lat' dir='ltr'><em>excer-</em></span> 
     </span>
     <span class='ocr_line' id='line_1_33' title="bbox 163 2834 1817 2885; baseline -0.001 -12"><span class='ocrx_word' id='word_1_261' title='bbox 163 2842 242 2885; x_wconf 90' lang='lat' dir='ltr'><em>pta.</em></span> <span class='ocrx_word' id='word_1_262' title='bbox 263 2845 323 2872; x_wconf 83' lang='lat'><strong>«1.</strong></span> <span class='ocrx_word' id='word_1_263' title='bbox 342 2835 472 2872; x_wconf 91' lang='lat' dir='ltr'><em>Vocor</em></span> <span class='ocrx_word' id='word_1_264' title='bbox 489 2834 599 2874; x_wconf 87' lang='lat' dir='ltr'><em>Otto.</em></span> <span class='ocrx_word' id='word_1_265' title='bbox 623 2845 656 2871; x_wconf 90' lang='lat'><strong>2.</strong></span> <span class='ocrx_word' id='word_1_266' title='bbox 677 2837 814 2872; x_wconf 89' lang='lat' dir='ltr'><em>Annos</em></span> <span class='ocrx_word' id='word_1_267' title='bbox 833 2842 949 2873; x_wconf 89' lang='lat' dir='ltr'><em>natus</em></span> <span class='ocrx_word' id='word_1_268' title='bbox 967 2845 1027 2882; x_wconf 92' lang='lat'><strong>29.</strong></span> <span class='ocrx_word' id='word_1_269' title='bbox 1053 2835 1089 2872; x_wconf 91' lang='lat'><strong>3.</strong></span> <span class='ocrx_word' id='word_1_270' title='bbox 1116 2836 1256 2873; x_wconf 87' lang='lat' dir='ltr'><em>Gallus</em></span> <span class='ocrx_word' id='word_1_271' title='bbox 1281 2837 1455 2882; x_wconf 87' lang='lat' dir='ltr'><em>natione,</em></span> <span class='ocrx_word' id='word_1_272' title='bbox 1481 2834 1707 2883; x_wconf 88' lang='lat' dir='ltr'><em>provinciae</em></span> <span class='ocrx_word' id='word_1_273' title='bbox 1734 2837 1817 2872; x_wconf 89' lang='lat' dir='ltr'><em>bel-</em></span> 
     </span>
     <span class='ocr_line' id='line_1_34' title="bbox 163 2894 1816 2943; baseline -0.001 -11"><span class='ocrx_word' id='word_1_274' title='bbox 163 2896 292 2943; x_wconf 88' lang='lat' dir='ltr'><em>gicae,</em></span> <span class='ocrx_word' id='word_1_275' title='bbox 311 2895 559 2943; x_wconf 89' lang='lat' dir='ltr'><em>episcopatus</em></span> <span class='ocrx_word' id='word_1_276' title='bbox 578 2895 805 2943; x_wconf 88' lang='lat' dir='ltr'><em>leodiensis,</em></span> <span class='ocrx_word' id='word_1_277' title='bbox 834 2895 967 2942; x_wconf 91' lang='lat' dir='ltr'><em>oppidi</em></span> <span class='ocrx_word' id='word_1_278' title='bbox 997 2895 1246 2942; x_wconf 89' lang='lat' dir='ltr'><em>Huyensis...</em></span> <span class='ocrx_word' id='word_1_279' title='bbox 1270 2905 1326 2932; x_wconf 89' lang='lat'><strong>12.</strong></span> <span class='ocrx_word' id='word_1_280' title='bbox 1352 2895 1448 2931; x_wconf 90' lang='lat' dir='ltr'><em>Sum</em></span> <span class='ocrx_word' id='word_1_281' title='bbox 1474 2900 1658 2942; x_wconf 89' lang='lat' dir='ltr'><em>receptus</em></span> <span class='ocrx_word' id='word_1_282' title='bbox 1682 2894 1722 2930; x_wconf 92' lang='lat' dir='ltr'><em>in</em></span> <span class='ocrx_word' id='word_1_283' title='bbox 1746 2895 1816 2931; x_wconf 91' lang='lat' dir='ltr'><em>So-</em></span> 
     </span>
     <span class='ocr_line' id='line_1_35' title="bbox 164 2954 1816 3002; baseline -0.001 -10"><span class='ocrx_word' id='word_1_284' title='bbox 164 2956 350 2992; x_wconf 87' lang='lat' dir='ltr'><em>cietatem</em></span> <span class='ocrx_word' id='word_1_285' title='bbox 372 2967 394 2991; x_wconf 91' lang='lat' dir='ltr'><em>a</em></span> <span class='ocrx_word' id='word_1_286' title='bbox 411 2955 550 2991; x_wconf 87' lang='lat' dir='ltr'><em>decem</em></span> <span class='ocrx_word' id='word_1_287' title='bbox 567 2954 680 2990; x_wconf 89' lang='lat' dir='ltr'><em>annis</em></span> <span class='ocrx_word' id='word_1_288' title='bbox 705 2966 727 2990; x_wconf 88' lang='lat' dir='ltr'><em>a</em></span> <span class='ocrx_word' id='word_1_289' title='bbox 751 2955 921 2991; x_wconf 90' lang='lat' dir='ltr'><em>Domino</em></span> <span class='ocrx_word' id='word_1_290' title='bbox 945 2954 1112 2991; x_wconf 90' lang='lat' dir='ltr'><em>Claudio</em></span> <span class='ocrx_word' id='word_1_291' title='bbox 1137 2956 1238 3002; x_wconf 89' lang='lat' dir='ltr'><em>Jayo</em></span> <span class='ocrx_word' id='word_1_292' title='bbox 1264 2956 1303 2991; x_wconf 90' lang='lat' dir='ltr'><em>in</em></span> <span class='ocrx_word' id='word_1_293' title='bbox 1329 2954 1556 2999; x_wconf 85' lang='lat' dir='ltr'><em>Germania,</em></span> <span class='ocrx_word' id='word_1_294' title='bbox 1581 2954 1622 2990; x_wconf 87' lang='lat' dir='ltr'><em>in</em></span> <span class='ocrx_word' id='word_1_295' title='bbox 1647 2954 1816 3001; x_wconf 88' lang='lat' dir='ltr'><em>collegio</em></span> 
     </span>
     <span class='ocr_line' id='line_1_36' title="bbox 165 3013 1813 3061; baseline -0.001 -9"><span class='ocrx_word' id='word_1_296' title='bbox 165 3015 417 3052; x_wconf 88' lang='lat' dir='ltr'><em>viennensi...</em></span> <span class='ocrx_word' id='word_1_297' title='bbox 440 3024 496 3061; x_wconf 87' lang='lat'><strong>14.</strong></span> <span class='ocrx_word' id='word_1_298' title='bbox 518 3014 709 3050; x_wconf 90' lang='lat' dir='ltr'><em>Sacerdos</em></span> <span class='ocrx_word' id='word_1_299' title='bbox 728 3026 828 3050; x_wconf 90' lang='lat' dir='ltr'><em>sum.</em></span> <span class='ocrx_word' id='word_1_300' title='bbox 859 3023 914 3059; x_wconf 84' lang='lat'><strong>15.</strong></span> <span class='ocrx_word' id='word_1_301' title='bbox 941 3014 1014 3050; x_wconf 90' lang='lat' dir='ltr'><em>Fui</em></span> <span class='ocrx_word' id='word_1_302' title='bbox 1037 3014 1076 3050; x_wconf 91' lang='lat' dir='ltr'><em>in</em></span> <span class='ocrx_word' id='word_1_303' title='bbox 1100 3015 1271 3061; x_wconf 90' lang='lat' dir='ltr'><em>collegio</em></span> <span class='ocrx_word' id='word_1_304' title='bbox 1298 3013 1505 3050; x_wconf 84' lang='lat' dir='ltr'><em>viennensi</em></span> <span class='ocrx_word' id='word_1_305' title='bbox 1537 3019 1577 3049; x_wconf 92' lang='lat' dir='ltr'><em>et</em></span> <span class='ocrx_word' id='word_1_306' title='bbox 1608 3013 1647 3049; x_wconf 92' lang='lat' dir='ltr'><em>in</em></span> <span class='ocrx_word' id='word_1_307' title='bbox 1678 3013 1813 3051; x_wconf 85' lang='lat' dir='ltr'><em>aliis...</em></span> 
     </span>
     <span class='ocr_line' id='line_1_37' title="bbox 167 3074 1482 3122; baseline -0.002 -11"><span class='ocrx_word' id='word_1_308' title='bbox 167 3084 224 3121; x_wconf 92' lang='lat'><strong>17.</strong></span> <span class='ocrx_word' id='word_1_309' title='bbox 246 3076 291 3111; x_wconf 90' lang='lat' dir='ltr'><em>In</em></span> <span class='ocrx_word' id='word_1_310' title='bbox 310 3075 452 3122; x_wconf 87' lang='lat' dir='ltr'><em>studijs</em></span> <span class='ocrx_word' id='word_1_311' title='bbox 471 3074 700 3111; x_wconf 85' lang='lat' dir='ltr'><em>liberalibus</em></span> <span class='ocrx_word' id='word_1_312' title='bbox 718 3086 763 3109; x_wconf 89' lang='lat' dir='ltr'><em>ac</em></span> <span class='ocrx_word' id='word_1_313' title='bbox 781 3074 1015 3120; x_wconf 88' lang='lat' dir='ltr'><em>theologicis</em></span> <span class='ocrx_word' id='word_1_314' title='bbox 1034 3074 1211 3110; x_wconf 91' lang='lat' dir='ltr'><em>nonnihil</em></span> <span class='ocrx_word' id='word_1_315' title='bbox 1230 3080 1482 3110; x_wconf 81' lang='lat' dir='ltr'><em>versatus...»</em></span> 
     </span>
    </p>
   </div>
  </div>
 </body>
</html>
