2028 3484
848 278 869 316 5
895 270 919 316 J
921 278 1009 307 mm
1037 277 1127 317 1557
1741 274 1817 321 349

611 621 665 664 Ρ.
701 620 1116 666 HIERONYMUS
1147 621 1368 666 NADAL
1440 600 1443 603 ’

530 731 773 771 DOMINO
815 732 1077 771 VICARIO
1119 733 1433 771 GENUENSI

695 835 885 890 Romae,
911 844 935 890 5
953 833 1081 894 Junii
1108 845 1220 890 1557
1246 835 1276 878 ¹.
1336 839 1338 842 ’

158 947 296 984 Libros
312 947 362 983 ab
378 948 464 996 ipso
474 947 702 995 postulatos
718 947 830 984 brevi
850 946 1037 984 Genuam
1055 948 1284 984 mittendos.
1304 947 1524 997 Negotium
1540 948 1814 997 fundationis

707 1006 870 1055 collegii
886 1007 967 1055 ipsi
985 1007 1253 1044 commendat.

894 1109 1048 1167 Jesus.

242 1223 373 1267 Rmo.
399 1223 572 1267 Mons.r
601 1222 635 1265 ².
660 1222 727 1266 La
748 1220 896 1278 gratia
917 1228 963 1266 et
983 1234 1098 1278 pace
1125 1221 1184 1266 de
1205 1220 1389 1266 Christo
1415 1228 1576 1266 nostro
1603 1222 1808 1281 Signore

153 1299 221 1344 sia
241 1314 420 1357 sempre
441 1299 550 1345 nell'
573 1298 724 1343 anima
745 1299 761 1320 ³
784 1299 842 1343 de
864 1299 922 1343 V.
948 1299 998 1344 S.
1024 1299 1078 1343 R.
1099 1312 1187 1343 con
1209 1305 1426 1344 aumento
1446 1298 1553 1344 delli
1574 1299 1683 1344 doni
1700 1301 1802 1345 suoi

152 1375 392 1434 spirituali.

237 1454 299 1498 Al
321 1461 473 1511 tempo
494 1455 567 1498 ch'
591 1453 635 1497 io
657 1468 854 1510 passauo
875 1452 922 1496 in
943 1453 1132 1510 Spagna
1152 1452 1215 1496 mi
1230 1453 1358 1510 parlo
1374 1454 1432 1498 V.
1455 1454 1504 1499 S.
1524 1454 1644 1500 delle
1659 1469 1803 1512 opere

144 1531 221 1577 del
242 1532 371 1585 Soto‚
405 1531 449 1576 le
469 1530 591 1588 quali
611 1530 802 1576 insieme
822 1545 910 1574 con
937 1529 1090 1577 alcuni
1117 1529 1219 1574 altri
1247 1529 1351 1574 libri
1377 1531 1438 1575 ho
1465 1530 1612 1576 inteso
1645 1546 1800 1577 essere

145 1607 344 1653 arriuate
365 1622 392 1652 a
413 1607 649 1661 Fiorenza‚
674 1614 721 1653 et
741 1608 836 1652 cosi
852 1606 890 1651 si
906 1606 1057 1652 scriue
1073 1607 1116 1651 al
1132 1613 1275 1652 rettor
1290 1606 1337 1651 di
1354 1608 1461 1664 quel
1478 1614 1636 1652 nostro
1653 1609 1796 1654 colle-

143 1684 222 1742 gio
241 1685 285 1730 16
304 1685 458 1729 mandi
479 1700 507 1729 a
528 1686 586 1730 V.
612 1686 662 1731 S.
688 1686 818 1729 Rma.
843 1699 931 1728 con
952 1691 1114 1741 questa
1135 1683 1225 1728 mia
1245 1684 1407 1730 lettera
1429 1685 1446 1706 ⁴
1459 1718 1469 1738 ,
1496 1691 1542 1730 et
1562 1686 1626 1729 ho
1659 1700 1801 1743 preso

146 1761 389 1808 uolontieri
408 1769 568 1819 questa
597 1761 837 1808 occasione
862 1762 921 1807 de
946 1762 1119 1806 salutar
1146 1762 1204 1806 V.
1230 1762 1279 1807 S.
1311 1767 1358 1807 et
1385 1761 1602 1807 offerirmi
1635 1763 1677 1807 al
1709 1777 1800 1807 suo

144 1838 348 1893 seruitio,
373 1854 454 1896 per
473 1839 506 1882 il
526 1840 660 1896 quale
680 1853 794 1883 sono
814 1839 955 1883 molto
975 1845 1139 1896 pronto
1159 1839 1235 1884 nel
1256 1839 1328 1884 Sr.
1348 1845 1505 1883 nostro
1516 1839 1794 1897 Jesucristo,

142 1917 218 1961 nel
239 1916 372 1974 quale
389 1916 689 1960 raccomando
704 1923 876 1972 quanto
892 1929 1029 1973 posso
1043 1915 1087 1960 16
1103 1929 1210 1960 cose
1225 1915 1300 1961 del
1315 1915 1512 1972 collegio
1528 1915 1575 1959 di
1591 1917 1794 1961 Genoua

143 2008 171 2037 a
193 1995 250 2038 V.
276 1995 346 2048 S.,
370 1994 549 2039 benche
570 2008 621 2038 so
642 1994 685 2039 le
707 1993 829 2039 tiene
848 2007 979 2038 come
999 2007 1083 2037 sue
1099 2025 1110 2046 ,
1136 1993 1330 2037 essendo
1357 1992 1465 2037 delli
1496 1993 1597 2036 suoi
1629 1993 1795 2050 figlioli

142 2077 190 2116 et
230 2070 353 2116 serui
392 2070 468 2116 nel
507 2069 756 2116 medesimo
798 2071 871 2115 Sr.
915 2076 1080 2119 nostro
1110 2068 1363 2128 Jesucristo
1385 2102 1395 2123 ,
1446 2084 1474 2113 a
1515 2069 1590 2114 cui
1632 2070 1793 2114 diuina

141 2150 189 2193 M
196 2147 249 2192 .ῒὲ
276 2147 449 2205 piaccia
469 2162 496 2192 a
517 2147 624 2192 tutti
646 2148 714 2191 far
735 2146 906 2193 sentire
922 2161 1101 2204 sempre
1117 2152 1165 2192 et
1180 2146 1412 2204 adempire
1428 2161 1512 2191 sua
1527 2147 1790 2191 santissima

142 2226 343 2270 nolonte.

227 2304 300 2348 De
321 2304 481 2356 Roma,
508 2313 532 2358 5
557 2302 603 2346 di
625 2301 815 2360 Giugno
838 2312 965 2358 1557.

211 2484 222 2505 ¹
272 2483 332 2519 Ex
349 2483 518 2531 Regesto
535 2482 633 2524 litt„
652 2481 723 2527 IV,
741 2480 826 2518 381.

206 2543 221 2564 ¹
272 2542 317 2577 In
335 2542 524 2589 margine:
548 2541 731 2578 Genoua.
751 2542 804 2576 Al
831 2541 1006 2577 Vicario.
1027 2540 1105 2576 Del
1124 2541 1197 2575 P!
1212 2540 1375 2577 Natale.

206 2601 222 2621 ⁸
271 2602 362 2646 Ms.,
381 2603 534 2638 anime.

207 2663 222 2683 ⁴
271 2670 292 2706 5
311 2661 419 2707 Junii
435 2670 540 2707 1557,
556 2662 765 2707 Polancus,
780 2672 829 2696 ex
842 2659 1058 2702 commiss„
1077 2659 1223 2696 rectori
1235 2659 1444 2706 genuensi:
1462 2672 1528 2695 «...
1545 2658 1625 2705 Qui
1639 2670 1687 2693 ua
1701 2669 1783 2694 una

134 2720 276 2757 lettera
292 2720 342 2757 de
359 2721 427 2756 Re
448 2721 588 2756 Natale
606 2720 718 2768 peril
738 2719 884 2755 vicario
908 2719 948 2755 di
972 2719 1139 2756 Genoua
1167 2720 1204 2756 la
1226 2720 1342 2767 quale
1366 2731 1409 2755 se
1435 2718 1461 2754 li
1485 2716 1593 2766 potr&
1618 2716 1779 2753 mandat

132 2780 193 2816 col
212 2779 312 2816 libro
330 2791 571 2827 promesso.»
