2046 3510
265 299 392 331 vam
771 292 1027 331 PROOEMIUM
1051 301 1166 331 PRIMI
1191 301 1418 332 vormmus

356 396 598 439 Ducentae
619 394 799 439 circiter
819 395 1041 452 epistolae
1063 402 1424 452 consequuntur,
1444 394 1627 451 quibus,
1653 401 1749 439 tum
1770 393 1915 439 histo-

266 473 334 517 ria
371 473 570 527 Siciliae,
603 480 700 517 tum
729 472 995 530 Hispaniae,
1037 472 1314 527 Lusitaniae,
1346 473 1522 518 Galliae
1550 479 1595 517 et
1622 472 1911 527 Germaniae,

228 558 231 561 “
270 550 492 609 plurimis,
518 550 665 608 iisque
684 551 817 595 novis
835 557 879 595 et
901 550 1277 608 historiographis
1294 551 1479 608 ignotis,
1500 550 1675 594 notitiis
1691 550 1909 594 ditantur.

269 631 402 686 Quae
422 644 531 674 vero
542 629 638 685 jam
661 628 770 686 ipsis
786 635 894 672 nota
916 629 1118 682 fuerunt,
1143 628 1372 672 interdum
1389 629 1688 672 emendantur
1705 629 1761 672 ab
1784 643 1913 673 erro-

268 706 410 760 ribus,
435 706 514 763 qui
536 706 705 751 sensim
729 706 827 750 sine
848 721 985 751 sensu
1008 706 1055 751 in
1073 706 1220 751 varias
1236 706 1450 750 historias
1465 706 1759 764 irrepserunt.
1781 707 1914 763 Quae

268 791 421 828 autem
458 791 582 828 recte
619 783 787 841 scripta
826 785 973 838 fuere,
1014 784 1378 840 frequentissime
1415 784 1471 828 ad
1507 783 1701 841 primum
1744 785 1914 829 fontem

267 863 566 915 reducuntur,
592 876 645 906 ac
667 877 790 905 nova
811 861 1082 906 auctoritate
1103 863 1445 906 confirmantur.

356 941 407 983 In
429 938 631 996 epistolis
659 940 716 983 ab
745 955 865 983 anno
900 941 1009 995 1548
1034 941 1091 984 ad
1129 951 1238 996 1553
1272 939 1406 994 datis,
1438 938 1686 984 clarissime
1715 939 1916 984 cernitur

267 1025 489 1074 quantum
527 1018 691 1062 debeat
728 1033 923 1075 regnum
951 1019 1169 1064 SICILIAE
1197 1018 1438 1064 Societatis
1475 1017 1686 1072 alumnis,
1722 1032 1916 1074 quorum

266 1110 419 1152 opera,
445 1095 613 1149 studia,
640 1110 757 1151 quae
779 1096 1106 1152 propemodum
1129 1100 1354 1153 prostrata
1376 1096 1607 1153 jacebant,
1633 1095 1691 1139 ad
1713 1110 1916 1140 summae

267 1172 440 1230 gloriae
463 1173 697 1230 fastigium
730 1174 910 1218 sublata
932 1174 1131 1218 fuerunt.
1160 1174 1286 1218 Bella
1307 1173 1635 1218 'catholicorum
1662 1188 1767 1217 cum
1789 1188 1914 1218 sara-

267 1250 408 1303 cenis,
434 1250 633 1306 gloriosa
655 1250 856 1295 facinora
879 1258 999 1296 terra
1026 1251 1229 1308 marique
1251 1258 1427 1308 patrata
1449 1253 1506 1295 ab
1529 1251 1731 1295 exercitu
1754 1252 1914 1295 catho-

268 1327 475 1381 licorum,
506 1328 714 1385 proregis
741 1328 923 1374 Siciliae
951 1329 1141 1386 ejusque
1179 1329 1374 1373 familiae
1400 1329 1567 1386 pietas,
1598 1328 1914 1373 benevolentia

267 1421 377 1463 erga
400 1405 692 1459 Societatem,
718 1406 926 1451 alacritas
948 1421 1030 1464 pro
1058 1406 1279 1464 religione
1306 1421 1385 1464 per
1414 1414 1561 1451 totum
1588 1421 1784 1464 regnum
1805 1421 1913 1469 pro7

270 1484 500 1537 vehenda,
523 1483 855 1541 ,religiosarum
894 1484 1163 1529 familiarum
1200 1484 1475 1538 reformatio,
1515 1484 1624 1529 cleri
1661 1483 1916 1528 accuratior

268 1561 511 1615 institutio,
552 1569 858 1619 sexcentaque
894 1562 982 1607 alia
1017 1562 1340 1616 dilucidantur,
1379 1562 1427 1606 in
1468 1562 1634 1619 quibus
1674 1561 1917 1620 praecipua

268 1639 370 1683 luce
390 1640 585 1696 effulget
605 1640 731 1684 labor
753 1647 799 1684 et
820 1640 1043 1685 industria
1066 1640 1215 1685 Patris
1237 1641 1398 1685 Nadal.

358 1719 427 1761 Ex
449 1717 652 1774 epistolis
673 1718 730 1761 ab
762 1733 882 1762 anno
910 1729 1020 1774 1553
1043 1720 1101 1763 ad
1135 1729 1244 1775 1555
1274 1719 1407 1772 datis,
1439 1718 1601 1763 melius
1630 1717 1915 1776 perspiciun-

270 1801 344 1838 tur
354 1794 545 1853 Joannis
562 1796 638 1850 III,
660 1798 1042 1842 PORTUGALLIAE
1057 1796 1196 1854 regis,
1213 1797 1402 1854 egregia
1415 1797 1615 1841 facinora
1627 1811 1708 1854 pro
1726 1795 1915 1840 ecclesia

268 1873 507 1927 catholica3
533 1873 728 1931 collegia
745 1874 1002 1928 Societatis,
1023 1875 1122 1931 ejus
1144 1889 1230 1932 ope
1246 1882 1292 1919 et
1313 1874 1624 1919 munificentia
1641 1873 1849 1918 instituta
1870 1881 1916 1918 et

269 1952 440 2004 dotata,
461 1959 507 1995 et
530 1951 679 1995 Patris
701 1952 848 1996 Nadal
869 1952 1082 2009 prudenti
1104 1952 1286 1997 solertia
1307 1951 1529 2006 ordinata,
1550 1951 1915 2009 sapientissimis·

269 2044 359 2085 que
381 2029 561 2086 legibus
584 2029 821 2084 instructa3
848 2030 1007 2086 quanti
1030 2030 1188 2075 fecerit
1216 2031 1264 2075 S.
1295 2031 1331 2074 F
1333 2029 1566 2074 ranciscus
1589 2030 1646 2074 de
1667 2029 1803 2086 Borja
1825 2031 1915 2073 Pa-

269 2106 351 2158 tris
375 2107 522 2150 Nadal
544 2106 748 2160 consilia,
772 2106 1007 2161 virtutem,
1029 2114 1162 2164 gesta
1188 2109 1216 2160 ¹,
1241 2122 1332 2163 qua
1362 2106 1679 2151 benevolentia
1710 2106 1915 2152 Societa-

269 2192 361 2228 tem
383 2190 735 2240 prosequeretur
765 2183 918 2228 infans
951 2185 1275 2242 Portugalliae,
1309 2187 1458 2229 Dnus.
1491 2184 1775 2238 Ludovicus3
1801 2198 1917 2240 quae

269 2261 469 2318 quidem,
489 2261 596 2305 licet
611 2269 723 2305 nota
739 2262 1119 2320 historiographis
1135 2263 1241 2316 sint,
1261 2270 1432 2319 quanto
1445 2262 1607 2306 melius
1623 2263 1806 2306 elucent
1820 2261 1916 2306 his—

269 2354 323 2384 ce
338 2354 383 2383 v.
411 2354 458 2396 g.
484 2338 637 2383 verbis
661 2341 713 2383 P.
740 2340 887 2385 Nadal
908 2341 966 2384 ad
988 2340 1232 2398 Ignatium!
1263 2342 1344 2384 «El
1364 2340 1539 2384 infante
1559 2342 1618 2384 D.
1645 2340 1756 2385 Luis
1772 2355 1821 2384 es
1839 2346 1917 2383 tan

269 2416 518 2461 intrinseco
541 2421 568 2460 a
589 2417 633 2460 la
654 2418 922 2474 Compafiia,
948 2433 1037 2474 que
1058 2433 1132 2462 me
1153 2433 1315 2475 parece
1338 2433 1427 2476 que
1449 2419 1491 2463 el
1513 2420 1605 2463 M.0
1634 2418 1835 2462 Polanco
1856 2432 1917 2461 no

269 2494 389 2538 tiene
403 2509 561 2550 mayor
577 2494 728 2538 animo
744 2494 791 2538 ni
808 2496 1028 2539 voluntad
1042 2496 1099 2539 de
1114 2497 1445 2540 acrescentarla
1461 2497 1476 2517 ²
1486 2531 1494 2540 .
1506 2513 1524 2537 »
1542 2495 1752 2551 Denique
1769 2509 1916 2551 quan-

268 2578 314 2615 ta
337 2571 552 2615 facilitate
574 2578 620 2615 et
642 2586 732 2628 quo
754 2571 881 2616 exitu
901 2587 974 2616 res
1001 2572 1288 2617 difficillimas
1309 2573 1356 2617 in
1379 2572 1614 2618 Lusitania
1628 2571 1917 2630 praestiterit

270 2651 324 2693 P.
350 2649 512 2703 Nadal,
543 2649 641 2706 ipse
668 2649 847 2706 Ignatio
874 2646 1100 2695 referebat
1127 2651 1252 2695 hisce
1279 2651 1446 2695 verbis:
1483 2652 1579 2695 «Ya
1606 2657 1736 2695 antes
1764 2662 1917 2694 seme
1992 2679 1995 2683 »

268 2729 371 2770 auia
388 2727 710 2783 representado
733 2733 859 2771 tanta
881 2727 1082 2773 claridad
1102 2744 1133 2786 y
1158 2728 1367 2774 facilidad
1393 2743 1451 2773 en
1473 2729 1542 2772 las
1563 2743 1694 2773 cosas
1721 2729 1779 2772 de
1802 2730 1917 2772 Por-

344 2890 355 2910 ¹
408 2888 477 2923 «El
495 2888 540 2924 P.
560 2889 591 2924 F
594 2888 772 2936 rancisco
788 2900 832 2925 se
850 2891 1170 2927 consolomucho
1188 2890 1332 2927 viendo
1349 2902 1426 2938 que
1444 2890 1536 2926 todo
1554 2891 1592 2927 lo
1614 2889 1760 2938 guiaua
1777 2891 1812 2927 el
1832 2890 1918 2938 Spi—

268 2947 347 2983 ritu
364 2952 517 2995 sanct0‚
532 2960 559 2995 y
573 2960 649 2996 que
665 2960 715 2985 en
729 2950 882 2997 aquella
895 2950 1204 2998 determinacidm
1218 2952 1255 2987 el
1269 2951 1313 2986 P.
1330 2951 1406 2987 M.0
1425 2951 1550 2987 Nadal
1564 2955 1747 2987 aeertaua
1760 2951 1916 2998 mucho,

271 3018 384 3043 corno
403 3008 441 3043 lo
467 3008 516 3044 ha
535 3009 661 3045 hecho
684 3021 735 3045 en
752 3008 865 3045 todas
890 3011 947 3046 las
973 3010 1122 3057 demas,
1141 3011 1311 3060 despues
1329 3023 1406 3060 que
1424 3011 1517 3048 vino
1541 3023 1591 3048 en
1614 3016 1720 3048 estas
1746 3016 1915 3059 partes.»

271 3066 372 3102 Vide
391 3067 492 3103 infra
510 3068 626 3115 epist.
647 3077 707 3115 50,
726 3080 817 3116 pag.
837 3078 917 3115 155.

340 3128 355 3150 ²
406 3126 508 3164 Vide
527 3123 644 3176 epist.
664 3127 710 3175 53
727 3140 818 3177 pag.
841 3128 921 3175 173.
