2060 3490
764 285 807 322 25
834 277 989 312 MARTn
1017 284 1109 322 1552
1692 288 1761 326 129

111 378 160 422 in
182 378 267 422 util
287 378 407 422 della
427 377 714 439 Compagnia
737 384 784 422 et
804 377 1029 430 limosina,
1054 377 1086 420 li
1108 392 1241 434 parse
1258 362 1515 436 (credo—che
1531 393 1646 423 anco
1668 382 1678 401 ¹
1696 387 1769 425 sta

115 457 222 499 ben’
246 456 319 500 col
339 454 581 512 cardinale)
604 469 712 499 cosa
733 462 958 507 estranea,
983 461 1073 498 etc.
1099 456 1186 499 che
1207 455 1239 498 il
1261 455 1490 500 cardinale
1516 456 1672 513 voglia
1701 458 1768 502 far

115 532 325 577 limosina
344 533 464 577 della
484 533 596 576 roba
617 533 692 576 del
713 547 784 586 re3
808 531 857 575 io
875 539 1030 576 tamen
1050 546 1144 576 non
1165 534 1412 577 manchero
1434 547 1520 576 con
1548 534 1593 577 la
1619 534 1768 591 gratia

117 611 177 655 de
195 609 341 654 Giesu
362 611 484 667 Xpo.
508 612 744 666 procurar’
769 624 856 653 con
877 610 1086 653 destreza
1108 616 1228 653 tutto
1251 610 1403 667 quello
1424 612 1512 655 che
1538 625 1588 655 se
1616 614 1763 668 potra:

118 693 164 730 et
183 701 266 744 per
287 693 464 742 questa,
495 701 588 730 non
616 687 747 730 altro.
779 687 815 730 Il
846 685 1044 743 Signore
1074 701 1156 744 per
1186 687 1231 730 la
1262 686 1572 733 misericordia
1602 702 1686 732 sua
1715 703 1768 733 ce

115 764 321 808 consorte
357 778 535 822 sempre
571 765 629 808 de
665 764 784 808 bene
819 764 868 807 in
904 763 1073 821 meglio
1111 765 1231 808 nella
1261 779 1346 808 sua
1376 772 1508 809 santa
1540 765 1689 823 gratia
1719 773 1766 810 et

115 843 264 886 vertu.
292 842 460 886 Amen.
491 841 592 886 Ora
606 847 696 898 pro
717 842 859 895 nobis,
882 843 1043 886 Pater.

204 920 277 962 De
298 918 515 972 Messina,
540 918 575 961 il—
594 918 639 961 di
661 929 737 962 v.0
763 920 822 963 de
843 919 1056 963 Gennaio
1083 929 1212 975 1552.

539 997 598 1040 D.
627 998 680 1040 Ρ.
708 997 765 1041 V.
791 1010 928 1040 seruo
949 995 998 1039 in
1019 997 1138 1053 Xpo.
1155 1031 1165 1051 ‚

1001 1074 1304 1118 HIERONYMO
1337 1075 1524 1118 NADAL.

209 1151 459 1206 Inscriptio
482 1151 534 1193 in
555 1153 725 1207 quarta
740 1151 941 1208 pagina:
962 1150 993 1209 Ι·
1016 1151 1077 1194 Al
1098 1151 1240 1204 molto
1262 1150 1374 1195 R.do
1395 1150 1443 1194 in
1460 1145 1580 1208 Xpo.
1607 1153 1713 1205 P.e,
1738 1151 1770 1194 il

122 1227 270 1270 Padre
292 1229 355 1271 M.
381 1227 561 1285 Ignatio
583 1235 692 1282 etc.,
717 1227 765 1271 in
787 1229 946 1272 Roma.

208 1305 318 1347 Alia
338 1319 498 1348 manu:
525 1315 636 1361 1552
653 1304 879 1350 Cathania
893 1306 1016 1360 (sic).
1038 1315 1062 1360 5
1086 1306 1144 1349 de
1165 1306 1367 1350 Genaro.
1389 1305 1590 1350 Hier.1110
1615 1306 1770 1351 Nada-

119 1380 178 1424 lis
200 1381 323 1438 (sic).

921 1583 992 1623 ιιι

610 1690 871 1729 FORMULA
897 1690 1278 1729 PROFESSIONIS

449 1787 704 1832 PATRIS
747 1788 1158 1831 HIERONYMI
1200 1789 1444 1832 NADAL

626 1896 815 1948 Romae,
843 1905 897 1950 25
923 1894 1075 1938 Martii
1104 1905 1214 1950 1552
1239 1896 1271 1938 ².

211 2003 313 2060 Ego
348 2001 644 2059 hieronymus
682 2003 819 2046 nadal
839 2001 1055 2059 promitto
1082 2016 1183 2045 om-
1210 2001 1217 2061 Ι
1245 2002 1469 2059 nipotenti
1490 2003 1593 2056 deo,
1621 2017 1773 2047 coram

119 2079 219 2123 eius
239 2079 421 2136 virgine
442 2086 601 2133 matre,
632 2079 639 2139 Ι
667 2086 713 2123 et
736 2086 832 2123 tota
847 2078 1036 2123 coelesti
1058 2079 1185 2123 curia
1211 2078 1220 2139 Ι
1247 2094 1301 2123 ac
1317 2079 1364 2123 in
1380 2079 1638 2136 praesentia
1665 2079 1672 2138 Ι
1699 2095 1776 2123 so-

119 2148 312 2210 cietatis,
345 2163 392 2200 et
423 2156 506 2200 tibi
526 2158 780 2201 reuerende
811 2163 939 2213 pater
968 2157 1121 2200 locum
1148 2155 1156 2215 Ι
1182 2156 1257 2200 dei
1286 2156 1476 2210 tenenti,
1509 2164 1774 2214 perpetuam

123 2241 436 2292 paupertatem
453 2233 640 2278 castita-
667 2234 674 2293 Ι
702 2242 794 2279 tem
810 2241 857 2278 et
878 2233 1184 2278 obedientiam
1202 2234 1329 2278 iuxta
1347 2235 1537 2278 formam
1553 2234 1717 2278 viuen-
1744 2234 1750 2293 Ι

123 2311 170 2355 di
186 2310 234 2355 in
249 2311 375 2356 bulla
390 2311 621 2356 societatis
637 2311 809 2355 domini
820 2313 949 2370 Jesu,
975 2318 1021 2355 et
1049 2310 1056 2368 Ι
1083 2311 1130 2355 in
1152 2311 1252 2355 eius
1275 2311 1679 2355 constitutionibus
1696 2313 1779 2355 de—

125 2388 307 2433 claratis
328 2403 410 2433 seu
437 2388 445 2448 Ι
471 2388 758 2433 declarandis
773 2395 1055 2432 contentam.
1076 2389 1268 2445 Insuper
1285 2388 1473 2445 promit-
1501 2387 1508 2447 Ι
1536 2396 1583 2432 to
1602 2389 1778 2445 specia—

125 2466 214 2509 lem
236 2465 543 2510 obedientiam
565 2481 744 2510 summo
760 2465 965 2522 pontifici
993 2465 1000 2524 Ι
1028 2465 1150 2509 circa
1166 2465 1405 2509 missiones
1423 2467 1438 2488 ³
1458 2465 1505 2509 in
1523 2465 1648 2509 bulla
1664 2480 1780 2509 con-

130 2549 295 2587 tentas.
321 2544 522 2587 Rursum
550 2558 658 2600 pro-
686 2542 692 2602 Ι
720 2543 853 2586 mitto
870 2557 943 2586 me
965 2542 1257 2586 obediturum
1280 2542 1403 2586 circa
1417 2542 1720 2586 eruditionem
1748 2542 1755 2600 Ι

203 2681 214 2701 ¹
265 2679 379 2715 Prius
397 2679 587 2727 scriptum
603 2679 733 2715 fuerat
750 2691 907 2722 manco,
936 2683 1075 2726 postea
1101 2690 1196 2714 vero
1222 2678 1355 2714 deleto
1381 2691 1436 2722 m,
1462 2690 1562 2714 anco
1587 2683 1778 2713 remanet.

129 2737 209 2774 Sed
227 2738 261 2774 si
279 2750 340 2785 ea,
357 2750 458 2786 quae
476 2739 733 2786 praecedunt,
757 2744 799 2775 et
823 2750 926 2786 quae
950 2743 1264 2786 consequuntur,
1290 2743 1443 2774 attente
1466 2737 1781 2783 considerentur,

129 2797 354 2833 emendatio
370 2799 468 2834 haec
485 2789 723 2846 incompleta
739 2798 912 2845 videtur,
932 2802 972 2833 et
997 2798 1084 2833 loco
1110 2797 1228 2844 hujus
1252 2798 1466 2841 clausulae,
1498 2798 1564 2832 che
1590 2807 1692 2832 anco
1716 2799 1778 2830 sta

127 2856 212 2892 ben'
231 2858 292 2893 col
308 2858 534 2900 cardinale,
553 2859 653 2894 haec
670 2857 901 2894 sufficienda
919 2856 1093 2893 videtur:
1114 2858 1180 2893 che
1198 2869 1298 2893 anco
1315 2869 1397 2892 non
1414 2860 1477 2892 sta
1500 2855 1586 2891 ben'
1610 2855 1671 2891 col
1693 2867 1782 2891 car-

130 2916 282 2951 dinale.
809 2943 813 2948 .

199 2978 214 2997 ²
266 2976 326 3011 Ex
343 2977 602 3024 autographo,
620 2977 661 3012 in
679 2988 774 3012 mss.
794 2966 911 3022 S.'J.,
930 2976 1048 3012 unico
1066 2966 1134 3012 fol'.
1154 2967 1203 3011 in*
1218 2976 1276 3021 4⁰

204 3034 219 3055 ³
269 3034 357 3070 Hoc
380 3035 547 3070 verbum
568 3034 891 3082 praetermissum
914 3045 964 3069 ex
988 3033 1205 3080 oblivione,
1229 3032 1387 3079 scripsit
1409 3036 1547 3079 postea
1565 3030 1690 3067 Nadal
1717 3042 1781 3067 su-

133 3102 203 3138 per
221 3092 381 3128 lineam.

316 3164 434 3194 Ems‘r.
454 3165 488 3193 Ρ.
509 3164 643 3200 NADAL,
665 3172 741 3193 rou.
763 3164 788 3193 1.
1548 3161 1566 3189 9
