2098 3484
319 299 368 336 94
901 291 1040 326 prs‘r.
1068 290 1113 326 P.
1142 291 1391 336 NADAL-—27

318 404 465 435 sonno
486 405 577 435 vna
604 392 745 435 molto
771 393 893 435 bona
919 391 1110 436 materia
1135 391 1355 435 inclinata
1382 398 1429 435 et
1456 391 1690 435 sitibunda
1716 391 1762 435 di
1790 391 1970 448 spiritu.

319 470 478 514 Sonno
500 469 546 512 di
568 484 685 527 gran
706 469 945 524 modestia,
970 476 1017 513 et
1039 471 1064 513 6
1085 469 1344 513 necessario
1366 471 1510 512 hauer
1538 483 1654 525 gran
1681 470 1973 515 obseruantia

317 546 364 590 di
386 546 668 604 prohibergli
688 548 732 590 le
752 546 992 604 discipline
1013 553 1060 590 et
1081 546 1233 599 cilicii,
1259 562 1286 590 a
1302 546 1316 589 i
1334 545 1457 603 quali
1474 545 1695 590 essercitii
1714 546 1973 591 facilmente

315 623 355 668 si
377 625 545 679 danno,
570 625 609 667 si
631 639 761 668 come
781 638 869 668 600
899 639 1014 682 gran
1043 625 1281 681 alegrezza
1313 624 1451 667 fanno
1478 624 1522 667 le
1548 623 1800 680 penitentie
1825 640 1852 668 a
1872 625 1970 669 loro

316 701 543 758 imposite.
586 703 687 746 Con
724 702 768 745 la
801 702 948 759 gratia
984 702 1059 745 del
1097 701 1295 758 Signore
1332 700 1370 744 si
1406 716 1539 757 spera
1566 716 1629 744 vn
1656 702 1798 745 frutto
1830 702 1970 746 molto

317 780 492 836 grande
514 779 561 822 in
583 786 745 836 queste
766 786 813 823 et
833 779 893 822 da
920 786 1081 835 queste
1108 793 1230 822 noue
1258 778 1412 835 piante
1441 794 1467 822 a
1495 793 1609 836 gran
1639 778 1786 836 gloria
1813 779 1860 822 di
1886 794 1971 824 sua

312 856 474 905 ,diuina
496 859 685 901 Maesta.

404 949 448 992 9.
515 936 619 978 Vno
646 934 693 977 di
721 934 870 991 questi
907 934 1110 992 gioueni,
1150 934 1198 976 di
1228 933 1360 990 primi
1393 934 1712 991 gentilhomini
1740 934 1786 978 di
1808 942 1970 991 questa

312 1019 448 1066 terra,
473 1011 511 1056 si
534 1011 676 1069 piglio
700 1012 743 1056 fa
766 1027 897 1056 cerea
918 1012 964 1054 di
987 1027 1048 1054 vn
1070 1026 1194 1055 mese
1216 1026 1307 1055 600
1328 1026 1445 1069 gran
1466 1011 1755 1056 edificatione
1770 1011 1817 1055 di
1840 1011 1964 1056 tutti:

310 1091 492 1133 haueua
513 1089 591 1146 gia
613 1090 638 1132 8
671 1089 784 1133 mesi
815 1091 901 1133 che
922 1096 1054 1132 staua
1075 1089 1377 1132 determinato
1399 1089 1445 1132 di
1468 1104 1593 1133 esser
1620 1089 1740 1133 della
1766 1090 1966 1146 Compa-

312 1166 437 1224 gnia‚
463 1173 509 1210 et
529 1181 622 1210 non
644 1166 682 1210 si
703 1166 908 1223 pigliaua
930 1181 1010 1222 per
1030 1180 1124 1209 non
1141 1180 1265 1209 esser
1282 1165 1538 1210 comincata
1554 1167 1598 1210 la
1611 1181 1718 1210 casa
1733 1165 1780 1209 di
1797 1167 1965 1223 proba-

311 1245 450 1300 tione,
476 1244 577 1288 etsi
599 1243 887 1287 intreteneua
908 1243 955 1286 in
976 1243 1224 1287 deuotione
1246 1250 1293 1287 et
1309 1258 1545 1300 speranea:
1566 1243 1642 1300 poi
1658 1243 1697 1287 si
1713 1244 1865 1288 hebbe
1884 1258 1966 1301 per

309 1324 427 1366 bene
448 1322 496 1364 in
518 1321 667 1377 questi
690 1320 898 1377 principii
915 1335 1007 1364 non
1029 1320 1194 1377 pigliar
1216 1321 1342 1364 011110
1364 1320 1566 1378 giouane
1581 1335 1719 1365 senza
1740 1335 1965 1365 consenso

308 1399 416 1444 delli
438 1398 631 1456 parenti.
664 1399 708 1442 A
736 1405 898 1454 questo
926 1397 1125 1455 giouene
1163 1399 1211 1440 fu
1250 1399 1363 1441 satta
1384 1413 1502 1455 gran
1529 1398 1836 1455 repugnantia
1856 1398 1965 1442 dani

310 1476 504 1533 parenti,
524 1476 572 1519 in
594 1482 721 1519 tanto
748 1477 835 1519 che
856 1490 949 1519 non
971 1484 1155 1519 restono
1177 1475 1223 1518 di
1239 1476 1412 1519 volerlo
1434 1475 1650 1532 permetir
1665 1490 1754 1519 600
1775 1475 1965 1532 inquine

308 1562 356 1598 et
382 1555 472 1597 mal
499 1560 809 1607 trattamento,
841 1560 887 1596 et
919 1567 999 1609 per
1036 1552 1264 1596 contrario
1293 1567 1380 1596 con
1402 1567 1610 1610 promese
1632 1554 1764 1608 feste,
1789 1554 1964 1597 volerlo

309 1631 538 1686 maritare,
563 1637 672 1685 ete.;
698 1637 745 1674 et
765 1630 830 1673 lui
852 1630 891 1673 si
914 1631 1195 1674 confirmaua
1211 1644 1390 1686 sempre
1407 1630 1501 1687 piu:
1522 1638 1569 1675 et
1585 1632 1850 1674 finalmente
1869 1645 1962 1674 non

309 1708 587 1766 pigliandolo
610 1707 685 1751 noi
707 1722 787 1764 per
809 1708 852 1750 13
873 1707 1178 1764 repugnantia
1199 1707 1245 1750 di
1262 1707 1455 1764 parenti,
1475 1723 1537 1751 vn
1554 1708 1717 1765 giorno
1735 1709 1896 1765 fugge,
1916 1714 1962 1751 et

310 1786 560 1843 spectando
588 1785 772 1841 quando
800 1785 839 1828 si
867 1784 1040 1840 apriua,
1066 1784 1187 1828 intro
1209 1785 1372 1829 dentro
1393 1785 1437 1829 13
1463 1799 1570 1829 casa
1597 1785 1643 1828 di
1671 1784 1958 1842 probatione,

307 1864 602 1921 protestando
631 1863 674 1906 al
703 1865 832 1906 M.tr0
863 1863 982 1906 della
1009 1877 1115 1906 casa
1150 1862 1339 1906 dauanti
1360 1862 1407 1906 di
1444 1862 1572 1906 Iddio
1594 1865 1680 1907 che
1701 1863 1776 1906 nel
1797 1862 1961 1920 giorno

303 1942 379 1985 del
400 1940 603 1998 giudicio
621 1939 685 1997 gli
703 1940 1070 2002 damandarebbe
1087 1947 1223 1983 conto
1240 1941 1314 1984 del
1331 1940 1482 1984 anima
1498 1955 1582 1984 sua
1597 1941 1708 1984 selo
1724 1939 1957 1984 cacciassi:

308 2015 472 2075 questo
493 2032 587 2061 non
624 2017 819 2060 essendo
847 2016 891 2060 io
918 2017 965 2059 in
993 2032 1113 2063 casa.
1141 2018 1347 2062 Essendo
1374 2018 1419 2062 io
1446 2025 1634 2071 venuto,
1666 2032 1868 2062 vennero
1896 2016 1961 2074 gli

308 2095 483 2152 parenti
505 2109 593 2138 600
615 2093 736 2152 gran
754 2084 888 2138 turba
910 2102 956 2138 et
978 2096 1191 2150 tumulto,
1216 2102 1262 2139 et
1289 2095 1334 2139 io
1359 2095 1673 2140 liberalmente
1693 2095 1738 2139 10
1767 2095 1892 2139 dette
1913 2094 1959 2137 in

305 2187 441 2216 mano
474 2173 589 2227 loro,
629 2187 679 2215 se
719 2172 764 2215 10
807 2172 1038 2228 potessino
1076 2173 1341 2229 persuader,
1386 2175 1473 2226 che
1507 2173 1552 2216 lo
1589 2172 1872 2230 pigliassino:
1913 2179 1960 2215 et

307 2250 585 2294 lasciandolo
606 2249 683 2292 noi
705 2250 802 2292 solo
824 2264 911 2292 600
933 2250 1046 2302 loro,
1072 2264 1122 2294 se
1142 2251 1186 2293 10
1209 2265 1458 2294 menorono
1479 2265 1506 2294 a
1527 2265 1649 2304 casa,
1674 2264 1767 2293 non
1794 2257 1958 2306 poten-

306 2327 406 2371 dosi
427 2327 491 2369 lui
512 2327 746 2380 defender,
767 2327 892 2370 doue
913 2334 1050 2370 stette
1071 2326 1137 2371 sei
1159 2342 1187 2370 0
1206 2334 1324 2371 sette
1346 2327 1512 2384 giomi,
1537 2326 1832 2371 edificandosi
1849 2325 1957 2369 tutti
2023 2352 2026 2355 <

303 2405 350 2447 di
373 2404 465 2457 noi,
491 2410 538 2448 et
558 2403 776 2460 dandogli
798 2403 829 2445 il
847 2410 966 2447 torto
983 2419 1009 2447 a
1030 2405 1143 2448 loro:
1164 2404 1239 2461 poi
1258 2406 1390 2448 torno
1406 2404 1470 2447 dil
1486 2404 1734 2448 medesimo
1750 2404 1886 2447 modo
1907 2402 1955 2446 in

307 2497 413 2526 casa
434 2496 566 2525 como
593 2481 754 2538 prima,
786 2488 831 2524 et
868 2480 946 2537 piu
983 2497 1076 2525 non
1098 2483 1128 2524 l’
1157 2484 1311 2526 hanno
1346 2482 1625 2535 dimandato,
1651 2488 1697 2525 et
1720 2480 1889 2539 giurati
1910 2490 1955 2525 et

307 2559 415 2603 tutti
437 2559 499 2602 mi
534 2559 700 2602 dicono
721 2560 807 2602 che
829 2573 921 2601 non
944 2567 1111 2614 poteua
1133 2560 1201 2603 far
1223 2560 1338 2603 altra
1358 2574 1466 2603 cosa
1492 2561 1578 2603 che
1600 2556 1857 2618 pigliar[lo]:
1890 2558 1955 2616 gli

303 2637 480 2694 parenti
507 2635 545 2679 si
577 2635 846 2680 comincano
883 2651 909 2679 3
942 2636 1134 2693 quietar:
1174 2651 1307 2693 spero
1344 2639 1446 2680 sara
1474 2637 1616 2679 frutto
1644 2636 1690 2679 di
1719 2635 1829 2679 tutti
1858 2636 1955 2679 loro

303 2715 494 2771 grande:
521 2713 552 2756 il
575 2713 772 2771 giouene
794 2727 1037 2770 perseuera
1054 2728 1141 2757 600
1164 2715 1303 2757 molta
1325 2713 1585 2757 edification
1607 2713 1653 2755 di
1677 2712 1800 2756 tutti.

402 2805 469 2835 10.
536 2793 694 2836 Sonno
722 2790 798 2833 doi
833 2805 860 2833 0
888 2797 956 2833 tre
978 2790 1081 2834 altri
1108 2792 1228 2835 06113
1250 2806 1355 2835 casa
1375 2790 1422 2834 di
1439 2790 1722 2847 probatione,
1754 2789 1800 2832 di
1830 2789 1953 2846 quali

303 2869 368 2926 gli
406 2868 582 2925 parenti
619 2882 950 2924 repugnauano
986 2870 1072 2912 che
1115 2868 1371 2912 entrassino
1408 2868 1527 2911 nella
1563 2866 1865 2924 Compagnia,
1905 2874 1952 2911 et

302 2945 621 3003 exortandogli
649 2944 725 2988 noi
753 2946 839 2988 che
867 2945 1135 3002 pregassino
1163 2947 1207 2989 al
1234 2945 1404 3003 Signor
1430 2959 1511 3002 per
1536 2945 1633 2988 loro
1655 2943 1848 3001 parenti,
1875 2945 1949 2988 fu-

301 3038 415 3067 rono
437 3022 648 3075 esauditi,
674 3029 720 3066 et
742 3022 806 3079 gli
828 3023 1005 3078 parenti
1026 3023 1068 3066 ei
1090 3038 1291 3067 vennero
1313 3038 1340 3066 a
1361 3025 1553 3080 pregare
1569 3024 1655 3066 6116
1671 3021 1736 3078 gli
1757 3021 1948 3079 piglias-

303 3101 435 3154 simo,
461 3108 507 3144 et
535 3101 653 3143 cossi
689 3114 777 3143 600
809 3100 951 3143 frutto
988 3107 1033 3143 et
1064 3100 1352 3144 edificatione
1389 3101 1552 3143 furono
1579 3098 1790 3143 rieeuuti.
1817 3098 1946 3142 Tutti
