2098 3548
746 284 985 320 Erasi-omi:
1011 284 1056 320 P.
1072 284 1236 321 ‘NADAL
1720 297 1792 324 xrx

144 387 511 446 gereretsprimo
538 386 722 444 quidem
749 386 797 430 in
819 386 989 440 Sicilia,
1021 386 1261 445 Hispania,
1286 395 1332 432 et
1353 388 1604 443 Lusitania;
1624 386 1795 434 >deinde

144 480 254 510 vero
273 464 417 523 ipsius
448 463 635 509 nomine
655 463 948 509 Germaniam
977 471 1023 508 et
1052 464 1338 522 Hispaniam,
1370 472 1528 522 postea
1555 463 1690 510 etiarn
1714 482 1795 524 pro

146 545 241 587 ΡΡ.
267 543 504 587 Lainez'et
526 542 663 599 Borja
682 540 837 599 plures
859 541 1117 599 provincias
1138 540 1317 586 summa
1338 543 1610 588 auctoritate
1626 542 1795 588 invise-

143 628 227 675 ret;
252 622 387 665 nemo
408 619 659 677 pleniorem
683 619 822 663 totius
850 619 1092 664 Societatis
1119 634 1200 677 per
1228 622 1458 677 Europam
1487 620 1796 678 Cognitionem

147 701 284 743 Patre
305 698 454 743 Nadal
474 697 690 741 habuisse
706 696 904 741 videtur.
926 698 1044 741 Cum
1068 705 1221 742 autem
1245 697 1337 742 acri
1354 697 1543 756 ingenio
1565 698 1798 755 praeditus

145 782 266 820 esset
291 776 348 819 ad
375 790 685 832 personarum
708 781 756 818 et
791 774 1083 831 negotiorum
1120 774 1342 820 rationem
1378 775 1548 829 statim,
1589 791 1643 820 ac
1671 774 1799 820 velut

146 853 242 898 ictu
263 853 401 907 oculi,
426 852 845 910 introspiciendam,
864 859 911 895 et
927 852 1111 897 aliunde
1133 868 1244 910 erga
1260 853 1545 910 praepositos
1562 855 1800 911 generales

145 946 324 975 summa
350 929 644 975 veneratione
681 937 727 974 et
764 929 1023 974 omnimoda
1058 930 1319 976 obedientia
1354 931 1562 988 polleret,
1598 931 1801 988 nihilque

145 1009 265 1054 inter
286 1016 353 1053 tot
370 1016 587 1065 tantaque
603 1008 790 1065 negotia
807 1022 888 1064 per
903 1008 1196 1066 semetipsum
1215 1016 1416 1053 statuere
1431 1007 1585 1062 vellet,
1606 1008 1704 1053 sine
1721 1024 1800 1053 su-

146 1087 375 1144 periorum
407 1085 718 1143 beneplacit03
743 1085 1093 1143 diligentissime
1113 1093 1160 1131 et
1191 1088 1454 1143 frequenter
1476 1088 1721 1131 admodum
1744 1089 1801 1132 de

121 1151 124 1154 ⁴
147 1165 342 1222 singulis
374 1165 512 1216 rebus
540 1171 586 1208 et
618 1163 824 1220 personis
855 1164 914 1208 ad
940 1163 1041 1207 illos
1074 1164 1402 1221 perscribebat,
1429 1165 1551 1208 unde
1581 1166 1722 1209 fiebat
1749 1174 1801 1209 ut

148 1241 392 1300 praepositi
429 1242 667 1299 generales
699 1256 772 1285 res
801 1237 923 1298 ipsas
954 1241 1097 1285 veluti
1130 1242 1225 1286 suis
1257 1242 1341 1299 ipsi
1372 1243 1517 1286 oculis
1546 1241 1802 1300 perspicere

149 1327 352 1378 possent.
1769 1328 1771 1331 ⁴

236 1397 416 1456 Ignatio
437 1412 510 1442 res
531 1397 730 1451 Siciliae,
755 1411 1052 1454 personarum
1075 1398 1205 1442 dotes
1227 1405 1273 1442 et
1294 1412 1499 1452 munera,
1526 1398 1683 1443 turbas
1706 1401 1799 1444 Lu-

147 1475 354 1531 sitaniae,
378 1475 576 1520 remedia
598 1475 815 1529 adhibita,
842 1476 1018 1519 fructus
1045 1475 1315 1520 laetissimos
1346 1475 1409 1519 ibi
1430 1477 1669 1532 collect0s3
1693 1493 1801 1535 pro-

147 1553 408 1598 vincialium
438 1553 688 1611 Hispaniae
725 1560 771 1597 et
797 1553 1083 1610 superiorum
1110 1554 1264 1607 dotes,
1296 1554 1524 1611 regimen,
1556 1554 1800 1600 difficulta-

148 1639 233 1686 tes;
258 1647 388 1676 suam
410 1631 461 1675 in'
478 1630 772 1676 Germaniam
795 1646 900 1675 cum
922 1632 1075 1688 legato
1097 1631 1326 1689 pontificis
1348 1632 1624 1688 missionem3
1651 1641 1754 1678 acta
1775 1645 1802 1678 a

148 1724 198 1754 se
219 1709 440 1763 Venetiis,
468 1708 662 1763 Patavii,
687 1710 723 1752 F
726 1708 937 1762 errariae,
964 1708 1186 1762 Mutinae,
1207 1709 1387 1766 aliaque
1402 1710 1559 1768 magni
1581 1712 1800 1755 momenti

149 1788 206 1847 ad
227 1787 462 1832 historiam
484 1788 723 1831 enucleate
750 1787 903 1831 refert.
937 1787 1063 1831 Patri
1092 1787 1260 1832 Lainez
1287 1788 1346 1832 de
1374 1788 1505 1832 novis
1526 1787 1732 1847 collegiis
1754 1789 1801 1833 in

148 1864 370 1922 Hispania
401 1864 709 1918 instituendis,
734 1865 792 1908 de
813 1864 1030 1921 operariis
1052 1866 1110 1908 ad
1133 1864 1369 1909 Brasiliam
1391 1872 1438 1910 et
1459 1867 1517 1909 ad
1538 1867 1674 1910 Indos
1695 1867 1802 1910 mit—

149 1942 314 1996 tendis,
338 1944 396 1987 de
417 1941 640 1986 divisione
666 1941 928 1999 provinciae
955 1943 1245 1997 castellanae,
1276 1944 1334 1987 de
1361 1944 1500 1988 rebus
1527 1944 1721 1999 Galliae,
1746 1946 1803 1989 de

147 2019 281 2064 bonis
297 2019 694 2064 concionatoribus
710 2019 758 2062 in
773 2018 1067 2064 Germaniam
1084 2019 1335 2075 mittendis,
1355 2021 1412 2065 de
1430 2020 1615 2066 Canisio
1632 2021 1801 2079 juvan-

149 2099 227 2151 do,
258 2098 316 2141 de
341 2096 583 2142 haereticis
618 2096 913 2150 insectandis,
954 2097 1012 2141 de
1039 2097 1288 2142 Germania
1308 2098 1356 2141 in
1393 2099 1509 2143 duas
1546 2099 1803 2156 provincias

149 2175 408 2230 tribuenda,
439 2175 498 2219 de
524 2174 742 2219 cardinali
774 2182 1051 2232 augustano,
1083 2176 1141 2220 de
1167 2175 1306 2220 variis
1334 2176 1540 2234 collegiis
1569 2178 1642 2221 vel
1671 2177 1803 2221 insti-

150 2252 332 2297 tuendis
353 2253 427 2296 vel
448 2251 786 2307 ordinandis3...
813 2253 984 2297 Sancto
1005 2254 1042 2297 F
1044 2252 1251 2297 rancisco
1271 2253 1330 2298 de
1363 2254 1515 2311 Bonj'a,
1541 2255 1599 2298 de
1627 2256 1802 2311 profes-

150 2331 280 2375 sione
299 2329 407 2374 fidei
429 2331 486 2374 ab
508 2329 733 2387 episcopis
762 2330 970 2375 facienda
990 2330 1038 2374 in
1065 2331 1314 2376 Germania
1342 2338 1587 2388 antequam
1621 2332 1803 2377 dioece-

149 2409 277 2452 sibus
298 2407 635 2465 praeficiantur,
659 2408 718 2452 de
739 2407 899 2452 mediis
921 2409 979 2452 ad
1000 2409 1137 2452 fidem
1160 2409 1430 2453 catholicam
1458 2417 1619 2454 contra
1640 2410 1803 2454 haere-

153 2486 267 2530 ticos
288 2486 521 2539 tuendam,
545 2487 602 2530 de
625 2485 840 2530 Patribus
860 2487 919 2530 ad
941 2487 1113 2544 gradus
1135 2487 1470 2544 promovendis,
1496 2489 1554 2532 de
1575 2495 1805 2532 conventu

152 2567 428 2621 augustano,
454 2564 510 2607 de
527 2563 798 2620 imperatore
813 2563 861 2606 in
877 2564 997 2608 bello
1013 2564 1268 2621 hungarico
1279 2565 1502 2621 juvando;
1522 2566 1580 2609 de
1597 2564 1667 2618 iis,
1690 2580 1807 2621 quae

155 2643 260 2685 cum
282 2644 527 2686 Manaraeo
547 2640 668 2687 circa
688 2641 876 2698 negotia
902 2641 1081 2686 Galliae
1114 2642 1357 2696 tractavit,'
1371 2643 1430 2687 de
1448 2642 1807 2700 congregatione

154 2718 420 2776 provinciali
438 2718 623 2763 Parisiis
644 2719 814 2763 habita.
843 2720 989 2764 Multa
1010 2718 1098 2763 alia
1121 2720 1320 2773 tandem,
1346 2734 1491 2777 eaque
1511 2719 1666 2777 magni
1691 2717 1807 2776 pon-

156 2796 292 2850 deris,
312 2796 360 2840 in
387 2796 458 2839 his
480 2795 684 2853 epistolis
707 2797 807 2841 fuse
829 2803 1183 2854 pertractantur,
1210 2812 1328 2853 quae
1356 2797 1616 2841 distinctius
1644 2797 1689 2840 in
1712 2797 1807 2840 sin*

157 2875 371 2931 gulorum
392 2873 675 2918 voluminum
697 2874 878 2932 propria
899 2874 1182 2931 praefatiOne
1203 2874 1521 2919 indicabimus.

166 3000 169 3002 Α
249 2952 315 2996 Ea
335 2951 628 2995 nihilominus
652 2951 783 2996 facile
804 2951 1029 3008 conjicere
1051 2951 1153 3008 quis
1169 2952 1350 3009 poterit,
1370 2952 1409 2996 si
1426 2952 1625 2996 animum
1647 2954 1810 2998 adver-

161 3035 226 3074 tat
248 3028 294 3072 in
316 3027 533 3086 egregios
554 3033 847 3085 silmmosque
866 3029 1006 3084 viros,
1032 3029 1199 3086 quibus
1219 3031 1294 3074 vel
1310 3032 1475 3075 charus
1491 3030 1564 3074 v'el
1582 3030 1813 3075 familiaris

160 3106 310 3154 extitit
334 3108 386 3151 P.
412 3106 574 3160 Nadal,
600 3113 647 3151 et
660 3106 942 3163 [quibuscum
964 3106 1147 3164 saepius
1167 3108 1398 3165 agendum
1415 3107 1499 3164 ipsi
1519 3107 1603 3151 tuit
1625 3109 1682 3151 de
1703 3123 1810 3165 gra-
