2098 3548
756 275 912 313 PA'rms
938 276 1090 313 NADAL
1117 285 1293 315 scR11³TA
1778 291 1847 320 xm

195 376 440 422 Societatis
462 394 542 436 per
563 379 791 436 Europam
829 380 1099 438 dispersum,
1141 396 1232 426 uno
1271 383 1524 439 eodemque
1561 384 1740 440 spiritu,
1768 387 1846 429 uni

195 455 433 513 eidemque
455 457 597 501 veluti
620 465 863 515 prototypo
885 473 966 502 seu
989 459 1235 516 exemplari
1259 461 1582 504 conformaret.

286 535 421 579 Hanc
442 542 595 580 autem
619 535 760 580 fuisse
779 536 880 592 ejus
901 537 1204 591 vocationem,
1230 553 1255 579 a
1278 539 1379 582 Deo
1400 537 1448 581 in
1464 539 1676 583 medullis
1698 541 1848 585 cordis

196 612 339 670 ipsius
360 613 519 657 intime
539 613 821 671 impressam,
848 615 1031 659 abunde
1047 622 1094 659 et
1109 616 1367 660 luculenter
1382 617 1633 661 ostendunt
1649 617 1850 662 illustra-

198 690 344 734 tiones
366 691 546 735 divinae
577 706 629 735 ac
657 691 817 735 intima
845 707 980 736 sensa
1008 693 1272 749 frequenter
1299 692 1386 750 ipsi
1413 693 1461 737 in
1487 693 1694 739 oratione
1723 710 1849 739 com--

196 769 443 823 municata,
468 784 586 827 quae
606 770 654 813 in
676 769 864 827 privatis
886 770 1029 828 ipsius
1051 771 1389 815 commentariis
1415 772 1674 829 conscripta
1701 787 1849 817 asser—

196 853 377 891 vantur.
403 849 455 891 In
477 847 564 891 illis
585 847 772 903 etenim,
797 863 922 892 nunc
949 850 1199 893 vehemens
1229 848 1507 893 desiderium
1539 849 1691 907 prodit
1716 850 1849 894 insti—

196 931 296 969 tuta
332 932 379 969 et
404 926 590 983 regulas
619 926 862 972 Societatis
894 926 1077 984 penitus
1110 927 1414 985 intelligendi;
1450 942 1575 972 nunc
1606 928 1849 973 Societatis

194 1002 540 1060 amplificandae
561 1010 607 1048 et
629 1019 710 1062 per
730 1011 878 1048 totum
901 1006 1057 1049 orbem
1079 1006 1405 1063 propagandae
1433 1006 1641 1050 ardentia
1668 1006 1849 1051 deside*

195 1080 261 1125 ria
281 1080 368 1126 sibi
390 1082 582 1126 coelitus
602 1081 806 1126 immissa
829 1083 1018 1138 fatetur3
1044 1098 1169 1127 nunc
1191 1084 1315 1127 dolet
1335 1084 1394 1128 de
1415 1083 1624 1141 procellis
1651 1083 1699 1127 in
1727 1084 1848 1128 illam

195 1159 450 1214 concitatis3
476 1174 600 1204 nunc
621 1160 834 1217 lacrymis
851 1161 1065 1218 perfusus
1087 1163 1186 1205 Deo
1203 1162 1494 1206 commendat
1514 1177 1603 1221 res,
1623 1162 1721 1206 sive
1741 1177 1849 1219 pro-

195 1251 367 1294 speras,
387 1237 484 1283 sive
501 1238 716 1282 adversas
733 1238 876 1296 ipsius
892 1239 1149 1284 Societatis.
1171 1239 1380 1284 Sufficiat
1396 1242 1510 1284 haec
1527 1254 1673 1297 pauca
1689 1255 1848 1284 excer-

196 1329 304 1372 pere
325 1331 382 1360 ex
403 1316 578 1370 codice,
603 1316 678 1360 cui
701 1316 878 1370 titulus,
905 1318 964 1360 P.
993 1317 1178 1360 Natalis
1200 1318 1416 1374 opuscula
1442 1319 1471 1361 ¹.

286 1395 402 1451 Pag.
431 1407 446 1438 1
461 1407 528 1448 10,
553 1396 667 1439 haec
694 1395 873 1439 scribit:
910 1394 1223 1439 «Desiderium
1253 1409 1358 1439 cum
1381 1395 1530 1453 gratia
1551 1395 1848 1440 coniunctum

195 1479 241 1515 et
262 1473 383 1516 bona
404 1487 500 1530 spe,
526 1481 577 1516 vt
603 1488 742 1530 opera
770 1480 967 1518 nauetur
993 1472 1246 1530 scripturae
1274 1488 1431 1518 sacrae
1457 1473 1504 1518 in
1537 1473 1717 1531 spiritu,
1753 1481 1849 1518 tum

195 1550 599 1595 constitutionibus
621 1551 732 1609 ipsis
754 1566 808 1596 ac
829 1551 1003 1609 regulis
1024 1550 1267 1596 Societatis
1289 1558 1335 1596 et
1351 1551 1655 1605 obedientiae,
1676 1551 1851 1608 totique

195 1614 405 1672 instituto
436 1636 609 1683 nostro,
642 1636 692 1672 vt
719 1629 882 1673 melius
909 1644 966 1674 ex
995 1631 1080 1673 hac
1108 1629 1411 1674 illustratione
1439 1637 1485 1674 et
1512 1629 1661 1687 gratia
1692 1645 1719 1674 a
1749 1631 1849 1674 Deo

194 1706 293 1763 ipso
314 1722 396 1764 per
418 1707 694 1752 Societatem
718 1715 762 1751 et
784 1707 884 1751 eius
905 1706 1137 1751 ministros
1158 1706 1368 1764 specialis
1389 1707 1580 1752 directio
1599 1707 1647 1750 in
1663 1709 1750 1752 hac
1765 1722 1848 1751 vo-

194 1785 375 1829 catione
396 1785 443 1828 in
465 1785 598 1830 nobis
619 1787 884 1844 effulgeat.»

288 1865 402 1921 Pag.
431 1875 536 1919 117:
566 1865 642 1908 «In
671 1865 783 1908 aede
804 1866 862 1908 D.
890 1864 1147 1910 Sebastiani
1175 1866 1234 1909 ad
1262 1865 1569 1909 Catecumbas
1597 1862 1712 1925 [sic]‚
1742 1878 1845 1908 cum

194 1949 344 1997 oraret
359 1941 480 1986 idem
496 1940 692 2003 [Nadal],
712 1943 995 1986 confortatus
1012 1949 1083 1987 est
1103 1958 1194 1986 non
1212 1942 1466 2000 vulgariter
1483 1957 1509 1984 a
1526 1942 1739 1996 Domino,
1760 1942 1846 1985 mi—

194 2019 380 2064 nisterio
404 2020 529 2064 Petri
551 2027 598 2064 et
620 2020 769 2074 Pauli,
795 2021 852 2064 ad
874 2019 1134 2064 institutum
1152 2019 1411 2074 Societatis,
1431 2034 1487 2064 ex
1503 2020 1674 2073 fructu,
1696 2020 1773 2076 qui
1789 2035 1845 2064 ex

192 2097 290 2155 ipsa
311 2105 618 2156 prouenturus
640 2106 710 2142 est
737 2097 956 2142 ecclesiae
979 2098 1085 2155 Xpi.
1118 2099 1276 2154 Itaque
1303 2097 1589 2155 intelligebat
1616 2097 1729 2141 nihil
1752 2098 1831 2141 vti-

191 2176 280 2220 lius
301 2190 436 2234 posse
457 2191 508 2221 se
529 2191 683 2234 agere,
709 2190 846 2233 quam
868 2175 1288 2230 constitutionibus,
1309 2175 1482 2233 regulis
1502 2175 1714 2232 primum,
1734 2176 1843 2219 dare

194 2269 393 2312 operam,
418 2263 469 2298 vt
498 2269 635 2311 quam
664 2253 1034 2299 emendatissime
1060 2255 1272 2307 edantur,
1304 2261 1400 2297 tum
1430 2261 1481 2296 vt
1508 2253 1843 2297 illustrarentur

193 2332 393 2390 scholijs,
419 2340 466 2377 et
486 2333 621 2390 plena
641 2328 722 2376 fiat
743 2331 940 2376 instituti
963 2331 1103 2376 totius
1129 2331 1481 2376 manifestatio.»

284 2413 398 2468 Pag.
428 2412 531 2466 184:
561 2413 760 2468 «Magna
780 2409 931 2454 cordis
952 2409 1133 2454 claritas
1155 2425 1209 2454 ac
1230 2410 1345 2454 fides
1367 2409 1415 2452 in
1435 2409 1604 2453 vnione
1626 2409 1683 2453 ad
1706 2408 1838 2453 Chri-

194 2495 332 2543 stum,
357 2503 526 2546 magna
547 2503 651 2545 spes
673 2487 942 2532 incrementi
964 2487 1138 2545 gloriae
1167 2486 1254 2531 Dei
1281 2486 1328 2530 in
1361 2486 1591 2532 Societate
1618 2494 1665 2530 et
1692 2486 1840 2530 eccle-

194 2567 276 2622 sia,
301 2566 431 2624 quasi
452 2566 633 2611 videres
654 2567 713 2609 ad
734 2566 903 2609 bellum
925 2565 1106 2622 prodire
1126 2565 1215 2610 Dei
1234 2564 1452 2609 virtutem
1475 2579 1556 2622 per
1582 2564 1756 2617 orbem,
1788 2577 1841 2607 ac

191 2644 399 2702 dissipari
421 2644 628 2689 inimicos
649 2643 763 2688 eius.
792 2643 863 2688 Sit
883 2645 1011 2688 Deus
1032 2643 1303 2687 benedictus
1324 2642 1372 2686 in
1394 2643 1595 2687 secula.»

281 2725 397 2780 Pag.
425 2735 641 2767 200-201:
671 2723 855 2779 «Quum
873 2720 1057 2777 quidam
1080 2719 1258 2781 [Nadal]
1282 2720 1455 2764 videret
1472 2718 1701 2776 reliquias,
1721 2732 1838 2774 quae

189 2808 433 2846 seruantur
463 2800 511 2844 in
549 2801 717 2858 templo
749 2799 906 2845 Sancti
934 2798 1158 2857 Johannis
1188 2797 1525 2850 Lateranensis,
1566 2796 1708 2840 sensit
1739 2811 1836 2839 ma-

189 2894 328 2937 gnam
350 2878 642 2923 deuotionem
665 2892 770 2922 cum
792 2876 1038 2929 lachrimis,
1063 2875 1329 2933 praesertim
1350 2875 1427 2919 vbi
1455 2889 1539 2919 suo
1567 2873 1739 2918 rosario
1766 2873 1836 2916 vi-

188 2963 262 3001 tae
283 2955 456 3001 Christi
473 2955 572 3000 illas
594 2954 897 3012 contingeret.
926 2955 1084 3011 Itaque
1105 2968 1200 2998 non
1222 2952 1441 2997 sustinuit
1462 2951 1656 3008 amplius
1676 2949 1743 2994 vti
1760 2950 1838 2994 illo

197 3126 202 3132 ·
266 3128 277 3148 ¹
328 3124 428 3161 vide
446 3123 560 3170 infra,
579 3122 677 3160 eod.
697 3122 732 3159 8.
