2060 3490
822 349 865 387 14
892 341 992 384 MAJ1
1023 349 1112 387 1554
1716 352 1784 389 247

135 453 284 490 cartas
304 446 362 490 de
383 443 560 490 cambio
581 445 640 489 de
662 451 826 502 quatro
847 443 926 487 mil
947 444 1158 497 escudos,
1181 457 1271 499 que
1292 458 1342 487 se
1363 445 1455 487 han
1477 445 1595 488 dado
1617 449 1721 501 aqui
1746 447 1788 489 al

138 524 284 567 conde
304 524 362 568 de
384 523 563 577 Melito,
588 538 619 579 y
639 523 682 566 el
700 512 870 566 'manda
891 535 1035 579 pagar
1057 525 1085 565 3
1106 535 1160 565 su
1183 522 1474 579 gouernador
1502 537 1557 565 en
1591 523 1789 579 Napoles

140 605 167 644 3
188 602 245 646 V.
279 603 332 645 P.
348 637 360 659 ,
390 604 418 644 ό
445 605 473 644 a
499 600 638 656 quien
666 599 843 644 tubiere
870 613 926 643 su
953 599 1115 656 poder:
1146 614 1176 656 y
1205 613 1295 642 con
1317 599 1428 642 ellas
1449 614 1573 655 yuan
1604 606 1695 643 tres
1716 600 1790 643 del

141 679 302 723 mismo
322 679 469 723 conde
489 677 717 731 missiuas,
740 692 771 734 y
792 677 851 721 de
870 678 1157 734 Ruygomez‚
1182 691 1291 733 para
1312 690 1402 733 que
1419 676 1490 720 sin
1508 677 1616 720 salta
1637 691 1687 720 se
1709 692 1787 734 pa-

140 772 267 815 gase.
291 759 421 801 136Χὲ
443 756 578 800 dicho
600 771 630 813 y
653 755 886 799 ordenado
908 768 999 811 que
1019 768 1070 798 se
1091 754 1325 799 embiasen
1341 769 1426 810 por
1447 754 1652 798 diuersas
1674 758 1787 806 viaS‚

138 851 168 892 y
190 838 287 879 ansi
316 849 388 878 me
416 834 551 878 dizen
579 847 670 890 que
697 847 747 877 se
775 834 835 877 ha
860 834 1020 877 hecho.
1051 834 1261 889 Despues
1281 846 1340 875 en
1369 831 1504 875 Abril
1535 831 1672 875 scriui
1703 847 1793 875 vna

140 914 281 957 breue
304 913 316 934 ¹
340 926 423 969 por
444 918 596 955 tantas
623 910 956 968 occupaciones
982 924 1073 966 que
1100 924 1160 953 no
1188 923 1262 953 me
1289 910 1461 961 dexan,
1494 923 1524 965 y
1554 923 1645 952 aun
1667 924 1789 962 aora,

141 990 305 1043 Padre,
329 1004 413 1046 soy
434 989 621 1046 foreado
643 989 701 1032 de
722 987 884 1032 scriuir
904 988 1002 1031 solo
1019 988 1063 1031 10
1079 986 1350 1031 necessario.
1369 988 1584 1030 Partome
1599 993 1794 1031 manana

142 1083 252 1126 para
273 1070 472 1124 Burgos,
497 1082 555 1111 en
577 1066 729 1110 donde
745 1066 888 1123 podre
910 1072 1057 1109 tomar
1072 1080 1135 1108 vn
1151 1066 1227 1109 dia
1243 1068 1271 1109 ὁ
1287 1066 1369 1108 dos
1387 1079 1496 1121 para
1513 1063 1674 1108 scriuir
1690 1079 1795 1122 par-

91 1174 94 1177 ·
143 1146 464 1190 ticularmente
484 1145 626 1189 desde
647 1145 713 1188 las
734 1143 916 1187 vltimas
944 1147 1042 1187 363.

233 1236 276 1267 2.
339 1223 412 1266 Yo
432 1237 493 1266 no
514 1223 574 1266 he
595 1221 796 1278 recibido
817 1228 967 1266 cartas
987 1222 1045 1265 de
1066 1222 1124 1265 V.
1154 1223 1204 1264 Ρ.
1226 1221 1424 1278 despues
1446 1221 1504 1264 de
1524 1220 1592 1263 las
1613 1220 1671 1264 de
1693 1221 1796 1263 Η6-

143 1315 252 1346 11610
274 1301 308 1354 9,
333 1304 361 1344 a
378 1301 446 1345 las
467 1300 625 1356 quales
649 1301 708 1343 he
728 1314 787 1357 ya
808 1298 1099 1356 respondido,
1119 1304 1310 1355 excepto
1333 1302 1360 1342 3
1380 1298 1448 1342 las
1470 1299 1528 1342 de
1546 1310 1603 1352 24
1620 1298 1679 1341 de
1696 1299 1795 1342 He-

143 1380 276 1422 brero
298 1379 332 1433 ⁵,
357 1382 384 1422 3
404 1379 472 1422 las
493 1377 651 1435 quales
673 1377 803 1420 breui
829 1377 1107 1434 respondere
1129 1390 1188 1420 en
1205 1379 1320 1430 esta,
1345 1376 1541 1433 despues
1567 1376 1625 1419 de
1655 1377 1796 1419 hauer

144 1456 280 1500 dicho
300 1457 345 1500 10
367 1470 456 1513 que
477 1460 574 1499 mas
603 1454 874 1500 occurriere.

170 1516 174 1522 ⁵
234 1548 276 1590 3.
341 1535 412 1578 Yo
434 1537 550 1591 parti
572 1534 630 1577 (16
650 1536 757 1589 aqui
781 1547 885 1577 creo
908 1536 934 1577 3
957 1544 1014 1576 20
1041 1532 1099 1576 (16
1128 1534 1284 1589 Marco
1305 1547 1415 1589 para
1443 1532 1734 1586 Salamanca,
1766 1547 1796 1588 y

143 1612 249 1656 vine
270 1616 297 1656 3
319 1611 518 1665 Μ6(11113,
544 1610 764 1668 publique
786 1611 852 1655 las
869 1609 1248 1663 constituciones,
1269 1609 1316 1653 di
1332 1610 1482 1667 reglas
1497 1624 1527 1666 y
1542 1609 1714 1653 ordene
1729 1610 1797 1653 los

141 1689 363 1747 collegios
384 1703 442 1733 en
465 1689 573 1732 todo
592 1689 636 1732 10
659 1702 750 1744 que
771 1701 844 1731 me
865 1687 1047 1745 parecio
1068 1687 1328 1732 necessario
1348 1703 1378 1744 y
1400 1686 1483 1730 vtil
1504 1701 1563 1731 en
1585 1687 1628 1731 61
1650 1688 1797 1732 Sefior

143 1773 347 1821 nuestro,
372 1782 402 1824 y
417 1782 476 1811 en
494 1766 678 1811 Medina
693 1766 958 1810 hallandose
974 1766 1015 1809 61
1034 1768 1087 1810 Ρ.
1108 1766 1144 1809 F
1147 1765 1368 1819 rancisco,
1388 1766 1431 1809 61
1446 1765 1607 1809 doctor
1623 1766 1792 1818 Araoz,

144 1846 186 1889 61
207 1845 366 1888 doctor
387 1846 570 1898 Torres,
595 1844 638 1889 61
661 1845 773 1888 M.ro
802 1843 985 1897 Strada,
1009 1859 1039 1900 y
1060 1843 1104 1887 61
1125 1845 1179 1887 Ρ.
1201 1842 1474 1887 Villanueua
1494 1858 1525 1900 y
1546 1842 1607 1896 io,
1626 1858 1677 1886 se
1692 1842 1795 1886 hizo

145 1981 245 2028 293).
265 1982 510 2030 Subscriptio
542 1982 796 2029 autographa.
822 1981 946 2017 Multa
969 1986 1010 2016 et
1034 1980 1167 2027 magni
1190 1980 1375 2028 ponderis
1393 1993 1462 2029 pro
1480 1980 1643 2018 historia
1659 1982 1733 2017 hac
1756 1980 1795 2016 in

143 2041 310 2090 epistola
325 2042 452 2090 aperit
470 2042 608 2078 Nadal.
629 2042 747 2078 Plura
764 2041 805 2077 in
829 2053 900 2076 suo
923 2040 1088 2083 Chron„
1109 2041 1183 2084 IV,
1204 2053 1254 2077 ex
1273 2041 1411 2078 eadem
1435 2041 1634 2089 excerpsit
1656 2041 1795 2077 Polan-

144 2113 229 2149 cus,
247 2101 479 2149 praesertim
498 2113 616 2149 pagg.
636 2100 809 2148 383-389‚
828 2106 869 2137 et
886 2109 1059 2147 479-494.

217 2163 228 2184 ¹
278 2161 450 2198 Periisse
469 2161 627 2197 videtur
644 2162 742 2197 haec
760 2161 940 2208 epistola.

214 2225 229 2244 ²
279 2222 416 2257 Mense
439 2221 626 2268 Januario
649 2220 766 2268 hujus
789 2221 896 2267 anni,
919 2221 1061 2256 diebus
1082 2229 1116 2267 Ι,
1139 2220 1163 2256 6
1186 2225 1228 2256 et
1253 2229 1296 2267 15
1321 2222 1454 2268 plures
1478 2222 1635 2258 litterae
1664 2221 1796 2268 magni

145 2281 346 2325 momenti,
365 2293 387 2317 a
404 2281 449 2316 P.
468 2281 639 2317 Polanco
658 2292 708 2316 ex
725 2279 1003 2317 commissione
1020 2280 1136 2316 datae
1154 2285 1246 2316 sunt
1271 2280 1320 2317 ad
1344 2282 1389 2317 P.
1415 2281 1540 2318 Nadal
1552 2308 1561 2326 ,
1587 2281 1627 2317 in
1652 2281 1795 2329 quibus

144 2340 247 2376 inter
263 2339 339 2375 alia
355 2341 547 2386 agebatur
563 2339 613 2375 de
637 2339 755 2376 sociis
780 2339 1022 2388 patriarchae
1045 2339 1316 2387 assignandis,
1339 2340 1390 2376 de
1414 2340 1668 2377 distinctione
1695 2340 1797 2376 inter

143 2399 301 2435 domum
319 2399 536 2447 professam
554 2405 595 2435 et
612 2399 781 2447 collegia
798 2399 1083 2446 Portugalliae‚
1108 2399 1158 2435 de
1183 2400 1353 2447 collegio
1377 2400 1582 2447 eborensi,
1607 2400 1657 2436 de
1680 2400 1796 2436 domo

144 2459 385 2507 probationis
402 2459 720 2506 conimbricensi,
738 2459 788 2496 de
813 2459 932 2495 variis
956 2459 1136 2506 collegiis
1160 2459 1201 2496 in
1224 2460 1417 2508 Hispania
1445 2460 1720 2506 admittendis,
1747 2460 1795 2495 de

147 2519 362 2566 Hispaniae
385 2519 427 2555 in
450 2525 531 2555 tres
555 2519 776 2567 provincias
800 2519 1028 2567 partitione,
1053 2530 1076 2555 a
1105 2518 1230 2556 Nadal
1255 2520 1470 2568 proposita,
1500 2526 1541 2557 et
1570 2522 1620 2556 ab
1643 2520 1797 2566 Ignatio

148 2580 376 2626 approbata,
389 2579 439 2615 de
453 2579 609 2626 publica
623 2579 697 2615 Sti.
713 2579 913 2615 Francisci
927 2578 1186 2627 professione,
1203 2579 1253 2615 de
1267 2585 1519 2628 procuratore
1532 2579 1709 2626 generali
1722 2580 1797 2615 Ro-

149 2650 236 2674 mae
252 2638 543 2683 constituendo,
562 2639 611 2675 de
630 2651 793 2675 munere
811 2638 990 2685 magistri
1007 2638 1152 2684 Caroli,
1169 2637 1240 2675 filii
1257 2639 1427 2687 Philippi
1445 2639 1631 2687 principis
1657 2639 1795 2686 Hispa-

148 2697 250 2743 niae,
269 2702 313 2734 ut
330 2698 518 2734 decernat
534 2699 578 2733 P.
594 2698 718 2735 Nadal
733 2710 783 2734 an
797 2700 876 2734 tale
891 2697 1064 2734 officium
1078 2698 1365 2735 admittendum
1379 2704 1420 2735 et
1433 2698 1540 2734 Patri
1554 2700 1680 2734 Araoz
1694 2710 1795 2733 com-

148 2757 383 2794 mittendum
400 2758 594 2803 videatur,
613 2758 663 2794 de
681 2759 796 2795 novis
814 2757 1003 2806 professis
1021 2757 1310 2795 constituendis
1322 2788 1332 2806 ‚
1350 2759 1400 2794 de
1418 2758 1588 2794 Xaverio
1613 2770 1662 2794 ex
1687 2757 1797 2793 India

146 2818 368 2854 revocando
385 2847 394 2864 ,
428 2818 478 2854 de
513 2818 691 2866 pecuniis
725 2819 888 2854 Romam
924 2811 1258 2865 transmittendis,
1289 2820 1577 2867 etc.—Regest.
1611 2818 1689 2853 litt.
1701 2844 1711 2859 ,
1743 2817 1796 2862 II,

152 2877 221 2913 fol.
245 2877 430 2925 161,162,
453 2877 519 2923 167
537 2890 575 2913 v.

222 2936 299 2973 Die
318 2949 414 2972 vero
431 2945 453 2982 7
472 2937 706 2973 Decembris
728 2937 832 2983 1553,
852 2937 956 2973 idem
974 2937 1019 2972 P.
1035 2937 1220 2983 Polanco,
1237 2950 1286 2974 ex
1300 2938 1516 2982 commiss.‚
1532 2935 1639 2972 Patri
1653 2935 1797 2971 Lainez

150 2997 249 3033 haec
266 2996 486 3033 referebat:
508 2997 592 3033 «De
610 2998 796 3044 Portugal
814 3009 841 3044 y
858 2997 910 3033 de
928 2997 1083 3044 Espafia
1105 3008 1177 3033 nos
1195 2997 1349 3034 escribe
1368 2998 1439 3033 M.⁰
1458 2996 1580 3032 Nadal
1600 2995 1649 3031 de
1668 3000 1797 3031 tantos

150 3054 340 3102 colegios,
364 3067 442 3103 que
465 3067 516 3102 ya
540 3056 577 3091 le
601 3067 743 3102 parece
767 3057 817 3092 ha
839 3063 1039 3092 menester
1062 3065 1085 3102 4
1103 3055 1367 3104 prouinciales
1391 3057 1545 3103 Espafia
1569 3054 1631 3091 sin
1660 3054 1797 3091 Portu-

152 3115 464 3162 gal.»—Regest.
485 3115 579 3166 lzftt„
600 3115 652 3159 11,
676 3123 731 3150 12.

226 3174 241 3195 ⁵
290 3173 392 3210 Vide
410 3172 523 3219 infra,
541 3186 608 3210 nn.
627 3173 750 3221 29-34.
