<?xml version="1.0" encoding="UTF-8"?>
<!DOCTYPE html PUBLIC "-//W3C//DTD XHTML 1.0 Transitional//EN"
    "http://www.w3.org/TR/xhtml1/DTD/xhtml1-transitional.dtd">
<html xmlns="http://www.w3.org/1999/xhtml" xml:lang="en" lang="en">
 <head>
  <title>
</title>
<meta http-equiv="Content-Type" content="text/html;charset=utf-8" />
  <meta name='ocr-system' content='tesseract 3.04.00' />
  <meta name='ocr-capabilities' content='ocr_page ocr_carea ocr_par ocr_line ocrx_word'/>
</head>
<body>
  <div class='ocr_page' id='page_1' title='image "./epistolaephieron01nadauoft_0051.png"; bbox 0 0 2066 3536; ppageno 0'>
   <div class='ocr_carea' id='block_1_1' title="bbox 776 275 1824 320">
    <p class='ocr_par' dir='ltr' id='par_1_1' title="bbox 776 275 1824 320">
     <span class='ocr_line' id='line_1_1' title="bbox 776 275 1824 320; baseline 0.001 -8"><span class='ocrx_word' id='word_1_1' title='bbox 776 275 964 318; x_wconf 70' lang='lat' dir='ltr'><em>comens</em></span> <span class='ocrx_word' id='word_1_2' title='bbox 991 275 1035 320; x_wconf 79' lang='lat' dir='ltr'><em>P.</em></span> <span class='ocrx_word' id='word_1_3' title='bbox 1063 275 1215 312; x_wconf 73' lang='lat' dir='ltr'>NADAL</span> <span class='ocrx_word' id='word_1_4' title='bbox 1742 285 1824 313; x_wconf 61' lang='lat' dir='ltr'><em>xxx</em></span> 
     </span>
    </p>
   </div>
   <div class='ocr_carea' id='block_1_2' title="bbox 857 390 1145 462">
    <p class='ocr_par' dir='ltr' id='par_1_2' title="bbox 857 390 1145 462">
     <span class='ocr_line' id='line_1_2' title="bbox 857 390 1145 462; baseline -0.007 0"><span class='ocrx_word' id='word_1_5' title='bbox 857 390 1042 462; x_wconf 70' lang='lat' dir='ltr'><em>Codex</em></span> <span class='ocrx_word' id='word_1_6' title='bbox 1072 419 1145 461; x_wconf 71' lang='lat'><em>¹8</em></span> 
     </span>
    </p>
   </div>
   <div class='ocr_carea' id='block_1_3' title="bbox 133 531 1824 3165">
    <p class='ocr_par' dir='ltr' id='par_1_3' title="bbox 133 531 1824 1200">
     <span class='ocr_line' id='line_1_3' title="bbox 178 531 1822 589; baseline 0.001 -14"><span class='ocrx_word' id='word_1_7' title='bbox 178 565 185 568; x_wconf 78' lang='grc'>-</span> <span class='ocrx_word' id='word_1_8' title='bbox 251 531 445 576; x_wconf 75' lang='lat' dir='ltr'><em>Scholia</em></span> <span class='ocrx_word' id='word_1_9' title='bbox 460 534 518 577; x_wconf 84' lang='lat' dir='ltr'><em>-in</em></span> <span class='ocrx_word' id='word_1_10' title='bbox 539 535 882 585; x_wconf 75' lang='lat' dir='ltr'><em>constitutiones</em></span> <span class='ocrx_word' id='word_1_11' title='bbox 898 539 945 579; x_wconf 66' lang='lat' dir='ltr'><em>‘et</em></span> <span class='ocrx_word' id='word_1_12' title='bbox 964 534 1482 579; x_wconf 53' lang='lat' dir='ltr'><em>declarationes—Vol.</em></span> <span class='ocrx_word' id='word_1_13' title='bbox 1514 533 1562 576; x_wconf 90' lang='lat' dir='ltr'><em>in</em></span> <span class='ocrx_word' id='word_1_14' title='bbox 1591 536 1673 589; x_wconf 78' lang='lat'><em>4⁰,</em></span> <span class='ocrx_word' id='word_1_15' title='bbox 1704 534 1822 578; x_wconf 87' lang='lat' dir='ltr'><em>anti-</em></span> 
     </span>
     <span class='ocr_line' id='line_1_4' title="bbox 174 608 1822 670; baseline 0.001 -18"><span class='ocrx_word' id='word_1_16' title='bbox 174 608 329 668; x_wconf 89' lang='lat' dir='ltr'><em>quitus</em></span> <span class='ocrx_word' id='word_1_17' title='bbox 350 618 656 668; x_wconf 89' lang='lat' dir='ltr'><em>compactum,</em></span> <span class='ocrx_word' id='word_1_18' title='bbox 681 619 728 657; x_wconf 91' lang='lat' dir='ltr'><em>et</em></span> <span class='ocrx_word' id='word_1_19' title='bbox 747 614 836 658; x_wconf 91' lang='lat' dir='ltr'><em>hac</em></span> <span class='ocrx_word' id='word_1_20' title='bbox 857 612 1152 670; x_wconf 84' lang='lat' dir='ltr'><em>inscriptione</em></span> <span class='ocrx_word' id='word_1_21' title='bbox 1179 611 1227 655; x_wconf 94' lang='lat' dir='ltr'><em>in</em></span> <span class='ocrx_word' id='word_1_22' title='bbox 1254 612 1391 655; x_wconf 91' lang='lat' dir='ltr'><em>dorso</em></span> <span class='ocrx_word' id='word_1_23' title='bbox 1419 611 1667 669; x_wconf 91' lang='lat' dir='ltr'><em>signatum,</em></span> <span class='ocrx_word' id='word_1_24' title='bbox 1699 611 1822 655; x_wconf 89' lang='lat' dir='ltr'><em>litte—</em></span> 
     </span>
     <span class='ocr_line' id='line_1_5' title="bbox 172 686 1818 750; baseline 0.002 -21"><span class='ocrx_word' id='word_1_25' title='bbox 172 686 239 730; x_wconf 80' lang='lat' dir='ltr'><em>ris-</em></span> <span class='ocrx_word' id='word_1_26' title='bbox 276 688 448 733; x_wconf 90' lang='lat' dir='ltr'><em>aureis:</em></span> <span class='ocrx_word' id='word_1_27' title='bbox 492 690 681 742; x_wconf 88' lang='lat' dir='ltr'>«HIER.</span> <span class='ocrx_word' id='word_1_28' title='bbox 718 691 993 736; x_wconf 88' lang='lat' dir='ltr'>NATALIS</span> <span class='ocrx_word' id='word_1_29' title='bbox 1021 689 1028 750; x_wconf 99' lang='grc' dir='ltr'>Ι</span> <span class='ocrx_word' id='word_1_30' title='bbox 1055 691 1285 736; x_wconf 91' lang='lat' dir='ltr'>SCOLIA</span> <span class='ocrx_word' id='word_1_31' title='bbox 1312 689 1318 748; x_wconf 92' lang='grc' dir='ltr'>Ι</span> <span class='ocrx_word' id='word_1_32' title='bbox 1347 690 1410 734; x_wconf 89' lang='grc' dir='ltr'><em>ΙΝ</em></span> <span class='ocrx_word' id='word_1_33' title='bbox 1443 690 1818 743; x_wconf 89' lang='lat' dir='ltr'>CONSTITUT.</span> 
     </span>
     <span class='ocr_line' id='line_1_6' title="bbox 170 763 1824 826; baseline 0 -15"><span class='ocrx_word' id='word_1_34' title='bbox 170 763 179 824; x_wconf 97' lang='grc' dir='ltr'>Ι</span> <span class='ocrx_word' id='word_1_35' title='bbox 226 767 359 812; x_wconf 87' lang='lat' dir='ltr'><strong>MSS.</strong></span> <span class='ocrx_word' id='word_1_36' title='bbox 396 767 710 813; x_wconf 91' lang='lat' dir='ltr'>AUTOGR.»</span> <span class='ocrx_word' id='word_1_37' title='bbox 737 769 1006 814; x_wconf 84' lang='lat' dir='ltr'><em>Constatff.</em></span> <span class='ocrx_word' id='word_1_38' title='bbox 1040 781 1125 825; x_wconf 86' lang='lat'><em>243</em></span> <span class='ocrx_word' id='word_1_39' title='bbox 1154 767 1302 826; x_wconf 90' lang='lat' dir='ltr'><em>sign.,</em></span> <span class='ocrx_word' id='word_1_40' title='bbox 1334 774 1381 812; x_wconf 91' lang='lat' dir='ltr'><em>et</em></span> <span class='ocrx_word' id='word_1_41' title='bbox 1408 766 1640 812; x_wconf 86' lang='lat' dir='ltr'>nonnullis</span> <span class='ocrx_word' id='word_1_42' title='bbox 1665 766 1824 811; x_wconf 90' lang='lat' dir='ltr'><em>vacuis</em></span> 
     </span>
     <span class='ocr_line' id='line_1_7' title="bbox 171 842 1819 904; baseline 0.001 -17"><span class='ocrx_word' id='word_1_43' title='bbox 171 842 219 887; x_wconf 91' lang='lat' dir='ltr'><em>in</em></span> <span class='ocrx_word' id='word_1_44' title='bbox 240 844 349 900; x_wconf 91' lang='lat' dir='ltr'><em>fine,</em></span> <span class='ocrx_word' id='word_1_45' title='bbox 374 851 421 889; x_wconf 89' lang='lat' dir='ltr'><em>et</em></span> <span class='ocrx_word' id='word_1_46' title='bbox 448 860 541 890; x_wconf 92' lang='lat' dir='ltr'><em>non</em></span> <span class='ocrx_word' id='word_1_47' title='bbox 569 845 689 904; x_wconf 88' lang='lat' dir='ltr'><em>sign.</em></span> <span class='ocrx_word' id='word_1_48' title='bbox 721 846 854 891; x_wconf 92' lang='lat' dir='ltr'><em>Initio</em></span> <span class='ocrx_word' id='word_1_49' title='bbox 877 854 1047 901; x_wconf 90' lang='lat' dir='ltr'><em>autem,</em></span> <span class='ocrx_word' id='word_1_50' title='bbox 1073 852 1180 890; x_wconf 91' lang='lat' dir='ltr'><em>ante</em></span> <span class='ocrx_word' id='word_1_51' title='bbox 1202 846 1280 891; x_wconf 88' lang='lat' dir='ltr'><em>fol.</em></span> <span class='ocrx_word' id='word_1_52' title='bbox 1305 860 1497 898; x_wconf 89' lang='lat' dir='ltr'><em>numero</em></span> <span class='ocrx_word' id='word_1_53' title='bbox 1525 858 1542 889; x_wconf 87' lang='grc' dir='ltr'>Ι</span> <span class='ocrx_word' id='word_1_54' title='bbox 1566 844 1819 904; x_wconf 86' lang='lat' dir='ltr'><em>signatum,</em></span> 
     </span>
     <span class='ocr_line' id='line_1_8' title="bbox 171 922 1819 982; baseline 0 -17"><span class='ocrx_word' id='word_1_55' title='bbox 171 935 315 966; x_wconf 91' lang='lat' dir='ltr'><em>unum</em></span> <span class='ocrx_word' id='word_1_56' title='bbox 336 929 407 967; x_wconf 90' lang='lat' dir='ltr'><em>est</em></span> <span class='ocrx_word' id='word_1_57' title='bbox 427 938 520 968; x_wconf 91' lang='lat' dir='ltr'><em>non</em></span> <span class='ocrx_word' id='word_1_58' title='bbox 541 931 848 979; x_wconf 91' lang='lat' dir='ltr'><em>numeratum,</em></span> <span class='ocrx_word' id='word_1_59' title='bbox 867 924 916 968; x_wconf 92' lang='lat' dir='ltr'><em>in</em></span> <span class='ocrx_word' id='word_1_60' title='bbox 933 939 1024 982; x_wconf 90' lang='lat' dir='ltr'><em>quo</em></span> <span class='ocrx_word' id='word_1_61' title='bbox 1040 923 1192 982; x_wconf 90' lang='lat' dir='ltr'><em>aliqua</em></span> <span class='ocrx_word' id='word_1_62' title='bbox 1212 923 1449 968; x_wconf 83' lang='lat' dir='ltr'><em>annotavit</em></span> <span class='ocrx_word' id='word_1_63' title='bbox 1465 922 1563 980; x_wconf 91' lang='lat' dir='ltr'><em>ipse</em></span> <span class='ocrx_word' id='word_1_64' title='bbox 1580 925 1633 966; x_wconf 89' lang='lat' dir='ltr'><em>P.</em></span> <span class='ocrx_word' id='word_1_65' title='bbox 1655 923 1819 975; x_wconf 89' lang='lat' dir='ltr'><em>Nadal,</em></span> 
     </span>
     <span class='ocr_line' id='line_1_9' title="bbox 171 999 1823 1059; baseline 0.001 -16"><span class='ocrx_word' id='word_1_66' title='bbox 171 1013 365 1056; x_wconf 91' lang='lat' dir='ltr'><em>quorum</em></span> <span class='ocrx_word' id='word_1_67' title='bbox 387 1000 463 1045; x_wconf 93' lang='lat' dir='ltr'><em>hic</em></span> <span class='ocrx_word' id='word_1_68' title='bbox 489 1001 634 1059; x_wconf 89' lang='lat' dir='ltr'><em>prima</em></span> <span class='ocrx_word' id='word_1_69' title='bbox 661 1009 708 1047; x_wconf 91' lang='lat' dir='ltr'><em>et</em></span> <span class='ocrx_word' id='word_1_70' title='bbox 736 1002 896 1048; x_wconf 86' lang='lat' dir='ltr'><em>ultima</em></span> <span class='ocrx_word' id='word_1_71' title='bbox 927 1003 1068 1048; x_wconf 88' lang='lat' dir='ltr'><em>verba</em></span> <span class='ocrx_word' id='word_1_72' title='bbox 1095 1001 1460 1047; x_wconf 87' lang='lat' dir='ltr'><em>transcribimus:</em></span> <span class='ocrx_word' id='word_1_73' title='bbox 1497 999 1672 1045; x_wconf 90' lang='lat' dir='ltr'><em>«versio</em></span> <span class='ocrx_word' id='word_1_74' title='bbox 1700 1014 1823 1044; x_wconf 88' lang='lat' dir='ltr'><em>noua</em></span> 
     </span>
     <span class='ocr_line' id='line_1_10' title="bbox 133 1077 1822 1138; baseline 0 -16"><span class='ocrx_word' id='word_1_75' title='bbox 133 1131 135 1133; x_wconf 16' lang='lat'><strong><em>¹</em></strong></span> <span class='ocrx_word' id='word_1_76' title='bbox 170 1078 531 1131; x_wconf 67' lang='lat' dir='ltr'><em>examinanda...</em></span> <span class='ocrx_word' id='word_1_77' title='bbox 551 1095 610 1125; x_wconf 89' lang='lat' dir='ltr'><em>an</em></span> <span class='ocrx_word' id='word_1_78' title='bbox 631 1095 790 1133; x_wconf 89' lang='lat' dir='ltr'><em>omnes</em></span> <span class='ocrx_word' id='word_1_79' title='bbox 812 1081 1100 1126; x_wconf 90' lang='lat' dir='ltr'><em>coadiutores</em></span> <span class='ocrx_word' id='word_1_80' title='bbox 1123 1079 1351 1138; x_wconf 82' lang='lat' dir='ltr'><em>simplices</em></span> <span class='ocrx_word' id='word_1_81' title='bbox 1378 1078 1559 1137; x_wconf 90' lang='lat' dir='ltr'><em>possint</em></span> <span class='ocrx_word' id='word_1_82' title='bbox 1586 1077 1685 1123; x_wconf 91' lang='lat' dir='ltr'><em>fieri</em></span> <span class='ocrx_word' id='word_1_83' title='bbox 1713 1092 1822 1135; x_wconf 87' lang='lat' dir='ltr'><em>pro—</em></span> 
     </span>
     <span class='ocr_line' id='line_1_11' title="bbox 172 1141 1350 1200; baseline -0.002 0"><span class='ocrx_word' id='word_1_84' title='bbox 172 1155 325 1200; x_wconf 82' lang='lat' dir='ltr'><em>fessi.»</em></span> <span class='ocrx_word' id='word_1_85' title='bbox 795 1169 797 1172; x_wconf 88' lang='lat'>·</span> <span class='ocrx_word' id='word_1_86' title='bbox 1346 1141 1350 1144; x_wconf 10' lang='grc' dir='ltr'>μ</span> 
     </span>
    </p>

    <p class='ocr_par' dir='ltr' id='par_1_4' title="bbox 162 1233 1823 3165">
     <span class='ocr_line' id='line_1_12' title="bbox 261 1233 1821 1289; baseline -0.001 -10"><span class='ocrx_word' id='word_1_87' title='bbox 261 1235 479 1281; x_wconf 89' lang='lat' dir='ltr'><em>Continet</em></span> <span class='ocrx_word' id='word_1_88' title='bbox 509 1237 828 1283; x_wconf 85' lang='lat' dir='ltr'><em>annotationes</em></span> <span class='ocrx_word' id='word_1_89' title='bbox 854 1252 937 1283; x_wconf 91' lang='lat' dir='ltr'><em>seu</em></span> <span class='ocrx_word' id='word_1_90' title='bbox 965 1236 1291 1282; x_wconf 88' lang='lat' dir='ltr'><em>illustrationes</em></span> <span class='ocrx_word' id='word_1_91' title='bbox 1318 1235 1561 1289; x_wconf 87' lang='lat' dir='ltr'><em>examinis,</em></span> <span class='ocrx_word' id='word_1_92' title='bbox 1593 1233 1821 1279; x_wconf 92' lang='lat' dir='ltr'><em>constitu—</em></span> 
     </span>
     <span class='ocr_line' id='line_1_13' title="bbox 172 1310 1820 1373; baseline 0.001 -19"><span class='ocrx_word' id='word_1_93' title='bbox 172 1310 366 1369; x_wconf 89' lang='lat' dir='ltr'><em>tionum,</em></span> <span class='ocrx_word' id='word_1_94' title='bbox 401 1321 448 1359; x_wconf 91' lang='lat' dir='ltr'><em>et</em></span> <span class='ocrx_word' id='word_1_95' title='bbox 476 1315 854 1370; x_wconf 89' lang='lat' dir='ltr'><em>declarationum,</em></span> <span class='ocrx_word' id='word_1_96' title='bbox 890 1331 1007 1373; x_wconf 91' lang='lat' dir='ltr'><em>quae</em></span> <span class='ocrx_word' id='word_1_97' title='bbox 1039 1315 1223 1372; x_wconf 91' lang='lat' dir='ltr'><em>quidem</em></span> <span class='ocrx_word' id='word_1_98' title='bbox 1252 1314 1432 1358; x_wconf 77' lang='lat' dir='ltr'><em>Scholia</em></span> <span class='ocrx_word' id='word_1_99' title='bbox 1463 1314 1521 1358; x_wconf 89' lang='lat' dir='ltr'><em>ad</em></span> <span class='ocrx_word' id='word_1_100' title='bbox 1553 1311 1820 1371; x_wconf 91' lang='lat' dir='ltr'><em>penitiorem</em></span> 
     </span>
     <span class='ocr_line' id='line_1_14' title="bbox 172 1388 1823 1454; baseline 0.001 -22"><span class='ocrx_word' id='word_1_101' title='bbox 172 1388 369 1449; x_wconf 85' lang='lat' dir='ltr'><em>instituti</em></span> <span class='ocrx_word' id='word_1_102' title='bbox 401 1392 644 1439; x_wconf 86' lang='lat' dir='ltr'><em>Societatis</em></span> <span class='ocrx_word' id='word_1_103' title='bbox 667 1396 780 1454; x_wconf 87' lang='lat' dir='ltr'><em>Jesu</em></span> <span class='ocrx_word' id='word_1_104' title='bbox 812 1394 1161 1452; x_wconf 88' lang='lat' dir='ltr'><em>intelligentiam</em></span> <span class='ocrx_word' id='word_1_105' title='bbox 1197 1392 1443 1451; x_wconf 85' lang='lat' dir='ltr'><em>plurimum</em></span> <span class='ocrx_word' id='word_1_106' title='bbox 1475 1391 1710 1446; x_wconf 84' lang='lat' dir='ltr'><em>conferre,</em></span> <span class='ocrx_word' id='word_1_107' title='bbox 1750 1391 1823 1435; x_wconf 87' lang='lat' dir='ltr'><em>vel</em></span> 
     </span>
     <span class='ocr_line' id='line_1_15' title="bbox 172 1468 1822 1533; baseline 0.001 -21"><span class='ocrx_word' id='word_1_108' title='bbox 172 1468 278 1533; x_wconf 85' lang='lat' dir='ltr'><em>inde</em></span> <span class='ocrx_word' id='word_1_109' title='bbox 298 1470 398 1514; x_wconf 89' lang='lat' dir='ltr'><em>erui</em></span> <span class='ocrx_word' id='word_1_110' title='bbox 418 1478 584 1528; x_wconf 90' lang='lat' dir='ltr'><em>potest,</em></span> <span class='ocrx_word' id='word_1_111' title='bbox 610 1474 732 1529; x_wconf 93' lang='lat' dir='ltr'><em>quod</em></span> <span class='ocrx_word' id='word_1_112' title='bbox 754 1473 802 1517; x_wconf 93' lang='lat' dir='ltr'><em>in</em></span> <span class='ocrx_word' id='word_1_113' title='bbox 829 1473 943 1517; x_wconf 92' lang='lat' dir='ltr'><em>actis</em></span> <span class='ocrx_word' id='word_1_114' title='bbox 970 1472 1200 1517; x_wconf 88' lang='lat' dir='ltr'><em>secundae</em></span> <span class='ocrx_word' id='word_1_115' title='bbox 1226 1469 1600 1528; x_wconf 89' lang='lat' dir='ltr'><em>congregationis</em></span> <span class='ocrx_word' id='word_1_116' title='bbox 1627 1483 1822 1527; x_wconf 88' lang='lat' dir='ltr'><em>genera-</em></span> 
     </span>
     <span class='ocr_line' id='line_1_16' title="bbox 172 1546 1821 1610; baseline 0.001 -21"><span class='ocrx_word' id='word_1_117' title='bbox 172 1546 242 1601; x_wconf 92' lang='lat' dir='ltr'><em>lis,</em></span> <span class='ocrx_word' id='word_1_118' title='bbox 268 1548 342 1593; x_wconf 92' lang='lat' dir='ltr'><em>cui</em></span> <span class='ocrx_word' id='word_1_119' title='bbox 364 1550 518 1606; x_wconf 91' lang='lat' dir='ltr'><em>plures</em></span> <span class='ocrx_word' id='word_1_120' title='bbox 540 1566 597 1595; x_wconf 86' lang='lat' dir='ltr'><em>ex</em></span> <span class='ocrx_word' id='word_1_121' title='bbox 617 1551 775 1609; x_wconf 91' lang='lat' dir='ltr'><em>primis</em></span> <span class='ocrx_word' id='word_1_122' title='bbox 797 1553 846 1598; x_wconf 92' lang='lat' dir='ltr'><em>S.</em></span> <span class='ocrx_word' id='word_1_123' title='bbox 872 1549 1038 1610; x_wconf 86' lang='lat' dir='ltr'><em>Ignatii</em></span> <span class='ocrx_word' id='word_1_124' title='bbox 1060 1549 1195 1595; x_wconf 91' lang='lat' dir='ltr'><em>sociis</em></span> <span class='ocrx_word' id='word_1_125' title='bbox 1216 1549 1538 1601; x_wconf 87' lang='lat' dir='ltr'><em>interfuerunt,</em></span> <span class='ocrx_word' id='word_1_126' title='bbox 1562 1547 1690 1592; x_wconf 91' lang='lat' dir='ltr'><em>hisce</em></span> <span class='ocrx_word' id='word_1_127' title='bbox 1717 1561 1821 1591; x_wconf 91' lang='lat' dir='ltr'><em>ver-</em></span> 
     </span>
     <span class='ocr_line' id='line_1_17' title="bbox 170 1624 1822 1686; baseline 0.001 -19"><span class='ocrx_word' id='word_1_128' title='bbox 170 1624 239 1669; x_wconf 92' lang='lat' dir='ltr'><em>bis</em></span> <span class='ocrx_word' id='word_1_129' title='bbox 263 1627 475 1672; x_wconf 89' lang='lat' dir='ltr'><em>traditur:</em></span> <span class='ocrx_word' id='word_1_130' title='bbox 505 1630 689 1686; x_wconf 78' lang='lat' dir='ltr'><em>«Quum</em></span> <span class='ocrx_word' id='word_1_131' title='bbox 710 1629 1043 1675; x_wconf 91' lang='lat' dir='ltr'><em>intercessisset</em></span> <span class='ocrx_word' id='word_1_132' title='bbox 1064 1627 1227 1685; x_wconf 90' lang='lat' dir='ltr'><em>aliquis</em></span> <span class='ocrx_word' id='word_1_133' title='bbox 1248 1626 1369 1671; x_wconf 90' lang='lat' dir='ltr'><em>circa</em></span> <span class='ocrx_word' id='word_1_134' title='bbox 1397 1625 1579 1671; x_wconf 87' lang='lat' dir='ltr'><em>Scholia</em></span> <span class='ocrx_word' id='word_1_135' title='bbox 1602 1627 1656 1670; x_wconf 91' lang='lat' dir='ltr'><em>P.</em></span> <span class='ocrx_word' id='word_1_136' title='bbox 1677 1626 1822 1670; x_wconf 90' lang='lat' dir='ltr'><em>Nata—</em></span> 
     </span>
     <span class='ocr_line' id='line_1_18' title="bbox 170 1702 1822 1763; baseline 0 -16"><span class='ocrx_word' id='word_1_137' title='bbox 170 1702 240 1757; x_wconf 91' lang='lat' dir='ltr'><em>lis,</em></span> <span class='ocrx_word' id='word_1_138' title='bbox 267 1706 389 1762; x_wconf 91' lang='lat' dir='ltr'><em>quod</em></span> <span class='ocrx_word' id='word_1_139' title='bbox 411 1706 576 1752; x_wconf 90' lang='lat' dir='ltr'><em>attinet</em></span> <span class='ocrx_word' id='word_1_140' title='bbox 591 1708 649 1753; x_wconf 88' lang='lat' dir='ltr'><em>ad</em></span> <span class='ocrx_word' id='word_1_141' title='bbox 667 1707 981 1752; x_wconf 89' lang='lat' dir='ltr'><em>auctoritatem</em></span> <span class='ocrx_word' id='word_1_142' title='bbox 1000 1706 1214 1763; x_wconf 85' lang='lat' dir='ltr'><em>aliquam,</em></span> <span class='ocrx_word' id='word_1_143' title='bbox 1233 1719 1352 1762; x_wconf 90' lang='lat' dir='ltr'><em>quae</em></span> <span class='ocrx_word' id='word_1_144' title='bbox 1367 1704 1478 1762; x_wconf 91' lang='lat' dir='ltr'><em>ipsis</em></span> <span class='ocrx_word' id='word_1_145' title='bbox 1496 1703 1633 1747; x_wconf 91' lang='lat' dir='ltr'><em>tribui</em></span> <span class='ocrx_word' id='word_1_146' title='bbox 1655 1704 1822 1748; x_wconf 89' lang='lat' dir='ltr'><em>debere</em></span> 
     </span>
     <span class='ocr_line' id='line_1_19' title="bbox 168 1779 1822 1843; baseline 0.001 -21"><span class='ocrx_word' id='word_1_147' title='bbox 168 1779 501 1839; x_wconf 82' lang='lat' dir='ltr'><em>insinuabatur,</em></span> <span class='ocrx_word' id='word_1_148' title='bbox 526 1786 698 1842; x_wconf 88' lang='lat' dir='ltr'><em>placuit</em></span> <span class='ocrx_word' id='word_1_149' title='bbox 720 1784 1100 1843; x_wconf 88' lang='lat' dir='ltr'><em>Congregationi,</em></span> <span class='ocrx_word' id='word_1_150' title='bbox 1125 1790 1177 1828; x_wconf 91' lang='lat' dir='ltr'><em>ut</em></span> <span class='ocrx_word' id='word_1_151' title='bbox 1198 1782 1430 1841; x_wconf 88' lang='lat' dir='ltr'><em>praedicta</em></span> <span class='ocrx_word' id='word_1_152' title='bbox 1452 1781 1637 1828; x_wconf 89' lang='lat' dir='ltr'><em>Scholia</em></span> <span class='ocrx_word' id='word_1_153' title='bbox 1652 1781 1779 1838; x_wconf 91' lang='lat' dir='ltr'><em>prius</em></span> <span class='ocrx_word' id='word_1_154' title='bbox 1796 1796 1822 1825; x_wconf 87' lang='lat' dir='ltr'><em>a</em></span> 
     </span>
     <span class='ocr_line' id='line_1_20' title="bbox 169 1859 1817 1921; baseline -0.001 -18"><span class='ocrx_word' id='word_1_155' title='bbox 169 1860 223 1903; x_wconf 88' lang='lat' dir='ltr'><em>R.</em></span> <span class='ocrx_word' id='word_1_156' title='bbox 251 1862 305 1905; x_wconf 90' lang='lat' dir='ltr'><em>P.</em></span> <span class='ocrx_word' id='word_1_157' title='bbox 331 1862 546 1907; x_wconf 87' lang='lat' dir='ltr'><em>Generali</em></span> <span class='ocrx_word' id='word_1_158' title='bbox 569 1870 615 1908; x_wconf 92' lang='lat' dir='ltr'><em>et</em></span> <span class='ocrx_word' id='word_1_159' title='bbox 631 1879 658 1908; x_wconf 92' lang='lat' dir='ltr'><em>a</em></span> <span class='ocrx_word' id='word_1_160' title='bbox 674 1863 927 1921; x_wconf 88' lang='lat' dir='ltr'><em>designatis</em></span> <span class='ocrx_word' id='word_1_161' title='bbox 944 1863 1001 1908; x_wconf 89' lang='lat' dir='ltr'><em>ad</em></span> <span class='ocrx_word' id='word_1_162' title='bbox 1017 1877 1176 1907; x_wconf 90' lang='lat' dir='ltr'><em>eorum</em></span> <span class='ocrx_word' id='word_1_163' title='bbox 1193 1860 1522 1919; x_wconf 86' lang='lat' dir='ltr'><em>inspectionem</em></span> <span class='ocrx_word' id='word_1_164' title='bbox 1534 1859 1817 1912; x_wconf 80' lang='lat' dir='ltr'><em>examinata,</em></span> 
     </span>
     <span class='ocr_line' id='line_1_21' title="bbox 170 1933 1817 2004; baseline -0.002 -23"><span class='ocrx_word' id='word_1_165' title='bbox 170 1939 546 1996; x_wconf 89' lang='lat' dir='ltr'><em>amplecteremur</em></span> <span class='ocrx_word' id='word_1_166' title='bbox 566 1957 648 1999; x_wconf 92' lang='lat' dir='ltr'><em>pro</em></span> <span class='ocrx_word' id='word_1_167' title='bbox 669 1942 921 1986; x_wconf 90' lang='lat' dir='ltr'><em>directione</em></span> <span class='ocrx_word' id='word_1_168' title='bbox 943 1948 1137 1995; x_wconf 89' lang='lat' dir='ltr'><em>tantum,</em></span> <span class='ocrx_word' id='word_1_169' title='bbox 1169 1947 1215 1986; x_wconf 92' lang='lat' dir='ltr'><em>et</em></span> <span class='ocrx_word' id='word_1_170' title='bbox 1243 1939 1341 1984; x_wconf 89' lang='lat' dir='ltr'><em>sine</em></span> <span class='ocrx_word' id='word_1_171' title='bbox 1374 1933 1464 1983; x_wconf 86' lang='lat' dir='ltr'><em>ulla</em></span> <span class='ocrx_word' id='word_1_172' title='bbox 1492 1937 1817 2004; x_wconf 88' lang='lat' dir='ltr'><em>obligatione.»</em></span> 
     </span>
     <span class='ocr_line' id='line_1_22' title="bbox 164 2009 1822 2077; baseline -0.001 -18"><span class='ocrx_word' id='word_1_173' title='bbox 164 2009 306 2070; x_wconf 83' lang='lat' dir='ltr'><em>Decr.</em></span> <span class='ocrx_word' id='word_1_174' title='bbox 347 2020 730 2076; x_wconf 83' lang='lat' dir='ltr'><em>42.—Exemplar</em></span> <span class='ocrx_word' id='word_1_175' title='bbox 766 2021 1083 2077; x_wconf 89' lang='lat' dir='ltr'><em>archetypum,</em></span> <span class='ocrx_word' id='word_1_176' title='bbox 1122 2019 1180 2063; x_wconf 87' lang='lat' dir='ltr'><em>ab</em></span> <span class='ocrx_word' id='word_1_177' title='bbox 1216 2032 1310 2062; x_wconf 93' lang='lat' dir='ltr'><em>uno</em></span> <span class='ocrx_word' id='word_1_178' title='bbox 1348 2017 1604 2074; x_wconf 89' lang='lat' dir='ltr'><em>eodemque</em></span> <span class='ocrx_word' id='word_1_179' title='bbox 1639 2014 1822 2059; x_wconf 85' lang='lat' dir='ltr'><em>librario</em></span> 
     </span>
     <span class='ocr_line' id='line_1_23' title="bbox 172 2093 1822 2152; baseline -0.001 -15"><span class='ocrx_word' id='word_1_180' title='bbox 172 2101 318 2139; x_wconf 93' lang='lat' dir='ltr'><em>totum</em></span> <span class='ocrx_word' id='word_1_181' title='bbox 355 2104 607 2152; x_wconf 91' lang='lat' dir='ltr'><em>exaratum,</em></span> <span class='ocrx_word' id='word_1_182' title='bbox 639 2099 720 2143; x_wconf 91' lang='lat' dir='ltr'><em>sed</em></span> <span class='ocrx_word' id='word_1_183' title='bbox 747 2097 903 2142; x_wconf 92' lang='lat' dir='ltr'><em>multis</em></span> <span class='ocrx_word' id='word_1_184' title='bbox 931 2096 1241 2148; x_wconf 88' lang='lat' dir='ltr'><em>additionibus</em></span> <span class='ocrx_word' id='word_1_185' title='bbox 1267 2103 1314 2140; x_wconf 92' lang='lat' dir='ltr'><em>et</em></span> <span class='ocrx_word' id='word_1_186' title='bbox 1341 2093 1737 2141; x_wconf 89' lang='lat' dir='ltr'><em>emendationibus</em></span> <span class='ocrx_word' id='word_1_187' title='bbox 1765 2093 1822 2137; x_wconf 91' lang='lat' dir='ltr'><em>ab</em></span> 
     </span>
     <span class='ocr_line' id='line_1_24' title="bbox 170 2170 1821 2234; baseline 0 -20"><span class='ocrx_word' id='word_1_188' title='bbox 170 2172 269 2230; x_wconf 93' lang='lat' dir='ltr'><em>ipso</em></span> <span class='ocrx_word' id='word_1_189' title='bbox 290 2181 478 2219; x_wconf 92' lang='lat' dir='ltr'><em>auctore</em></span> <span class='ocrx_word' id='word_1_190' title='bbox 503 2174 548 2220; x_wconf 91' lang='lat' dir='ltr'><em>in</em></span> <span class='ocrx_word' id='word_1_191' title='bbox 578 2174 774 2234; x_wconf 89' lang='lat' dir='ltr'><em>singulis</em></span> <span class='ocrx_word' id='word_1_192' title='bbox 801 2177 896 2221; x_wconf 86' lang='lat' dir='ltr'><em>fere</em></span> <span class='ocrx_word' id='word_1_193' title='bbox 923 2174 1103 2234; x_wconf 86' lang='lat' dir='ltr'><em>paginis</em></span> <span class='ocrx_word' id='word_1_194' title='bbox 1130 2174 1423 2232; x_wconf 88' lang='lat' dir='ltr'><em>castigatum.</em></span> <span class='ocrx_word' id='word_1_195' title='bbox 1453 2173 1648 2218; x_wconf 90' lang='lat' dir='ltr'><em>Duabus</em></span> <span class='ocrx_word' id='word_1_196' title='bbox 1679 2170 1821 2228; x_wconf 88' lang='lat' dir='ltr'><em>parti-</em></span> 
     </span>
     <span class='ocr_line' id='line_1_25' title="bbox 170 2249 1816 2311; baseline -0.001 -17"><span class='ocrx_word' id='word_1_197' title='bbox 170 2251 257 2296; x_wconf 89' lang='lat' dir='ltr'><em>bus</em></span> <span class='ocrx_word' id='word_1_198' title='bbox 278 2259 478 2298; x_wconf 88' lang='lat' dir='ltr'><em>constat:</em></span> <span class='ocrx_word' id='word_1_199' title='bbox 504 2253 627 2311; x_wconf 91' lang='lat' dir='ltr'><em>prior</em></span> <span class='ocrx_word' id='word_1_200' title='bbox 647 2254 853 2299; x_wconf 88' lang='lat' dir='ltr'><em>continet</em></span> <span class='ocrx_word' id='word_1_201' title='bbox 880 2253 1055 2298; x_wconf 90' lang='lat' dir='ltr'><em>scholia</em></span> <span class='ocrx_word' id='word_1_202' title='bbox 1083 2253 1130 2298; x_wconf 94' lang='lat' dir='ltr'><em>in</em></span> <span class='ocrx_word' id='word_1_203' title='bbox 1158 2266 1349 2297; x_wconf 86' lang='lat' dir='ltr'><em>examen</em></span> <span class='ocrx_word' id='word_1_204' title='bbox 1377 2259 1424 2297; x_wconf 90' lang='lat' dir='ltr'><em>et</em></span> <span class='ocrx_word' id='word_1_205' title='bbox 1450 2249 1816 2295; x_wconf 90' lang='lat' dir='ltr'><em>constitutiones:</em></span> 
     </span>
     <span class='ocr_line' id='line_1_26' title="bbox 170 2326 1821 2389; baseline -0.001 -18"><span class='ocrx_word' id='word_1_206' title='bbox 170 2329 218 2372; x_wconf 90' lang='lat' dir='ltr'><em>ff.</em></span> <span class='ocrx_word' id='word_1_207' title='bbox 251 2341 387 2389; x_wconf 88' lang='lat'>1-149</span> <span class='ocrx_word' id='word_1_208' title='bbox 408 2346 454 2375; x_wconf 90' lang='lat' dir='ltr'><em>v.</em></span> <span class='ocrx_word' id='word_1_209' title='bbox 480 2331 642 2376; x_wconf 88' lang='lat' dir='ltr'><em>Altera</em></span> <span class='ocrx_word' id='word_1_210' title='bbox 663 2331 1062 2377; x_wconf 73' lang='lat' dir='ltr'><em>continet‘scholia</em></span> <span class='ocrx_word' id='word_1_211' title='bbox 1090 2331 1138 2375; x_wconf 93' lang='lat' dir='ltr'><em>in</em></span> <span class='ocrx_word' id='word_1_212' title='bbox 1166 2329 1496 2385; x_wconf 89' lang='lat' dir='ltr'><em>declarationes</em></span> <span class='ocrx_word' id='word_1_213' title='bbox 1523 2326 1744 2374; x_wconf 83' lang='lat' dir='ltr'><em>examinis</em></span> <span class='ocrx_word' id='word_1_214' title='bbox 1775 2334 1821 2370; x_wconf 88' lang='lat' dir='ltr'><em>et</em></span> 
     </span>
     <span class='ocr_line' id='line_1_27' title="bbox 166 2404 1819 2466; baseline -0.002 -16"><span class='ocrx_word' id='word_1_215' title='bbox 166 2406 570 2453; x_wconf 88' lang='lat' dir='ltr'><em>constitutionum:</em></span> <span class='ocrx_word' id='word_1_216' title='bbox 595 2411 643 2454; x_wconf 89' lang='lat' dir='ltr'><em>ff.</em></span> <span class='ocrx_word' id='word_1_217' title='bbox 677 2411 888 2466; x_wconf 84' lang='lat'><em>158-244.</em></span> <span class='ocrx_word' id='word_1_218' title='bbox 916 2410 1010 2455; x_wconf 91' lang='lat' dir='ltr'><em>Ult.</em></span> <span class='ocrx_word' id='word_1_219' title='bbox 1038 2410 1070 2454; x_wconf 90' lang='lat' dir='ltr'><em>f.</em></span> <span class='ocrx_word' id='word_1_220' title='bbox 1098 2421 1186 2464; x_wconf 91' lang='lat'><em>244</em></span> <span class='ocrx_word' id='word_1_221' title='bbox 1213 2423 1306 2452; x_wconf 91' lang='lat' dir='ltr'><em>non</em></span> <span class='ocrx_word' id='word_1_222' title='bbox 1333 2407 1587 2465; x_wconf 78' lang='lat' dir='ltr'><em>sign.—1.⁸</em></span> <span class='ocrx_word' id='word_1_223' title='bbox 1615 2420 1719 2463; x_wconf 90' lang='lat' dir='ltr'><em>pars</em></span> <span class='ocrx_word' id='word_1_224' title='bbox 1747 2404 1819 2447; x_wconf 90' lang='lat' dir='ltr'><em>in-</em></span> 
     </span>
     <span class='ocr_line' id='line_1_28' title="bbox 169 2482 1818 2546; baseline -0.002 -18"><span class='ocrx_word' id='word_1_225' title='bbox 169 2484 299 2542; x_wconf 90' lang='lat' dir='ltr'><em>cipit:</em></span> <span class='ocrx_word' id='word_1_226' title='bbox 330 2485 429 2531; x_wconf 88' lang='lat' dir='ltr'><em>«ihs</em></span> <span class='ocrx_word' id='word_1_227' title='bbox 456 2486 463 2545; x_wconf 99' lang='grc' dir='ltr'>Ι</span> <span class='ocrx_word' id='word_1_228' title='bbox 491 2488 542 2531; x_wconf 93' lang='lat' dir='ltr'><em>In</em></span> <span class='ocrx_word' id='word_1_229' title='bbox 563 2487 759 2544; x_wconf 90' lang='lat' dir='ltr'><em>primum</em></span> <span class='ocrx_word' id='word_1_230' title='bbox 781 2494 920 2546; x_wconf 91' lang='lat' dir='ltr'><em>caput</em></span> <span class='ocrx_word' id='word_1_231' title='bbox 935 2487 1156 2533; x_wconf 89' lang='lat' dir='ltr'><em>examinis</em></span> <span class='ocrx_word' id='word_1_232' title='bbox 1183 2486 1190 2545; x_wconf 91' lang='grc' dir='ltr'>Ι</span> <span class='ocrx_word' id='word_1_233' title='bbox 1217 2485 1496 2531; x_wconf 91' lang='lat' dir='ltr'><em>scholia—1.</em></span> <span class='ocrx_word' id='word_1_234' title='bbox 1518 2485 1664 2528; x_wconf 75' lang='lat' dir='ltr'><em>Finis.</em></span> <span class='ocrx_word' id='word_1_235' title='bbox 1694 2482 1818 2526; x_wconf 94' lang='lat' dir='ltr'><em>Huic</em></span> 
     </span>
     <span class='ocr_line' id='line_1_29' title="bbox 168 2559 1818 2624; baseline -0.002 -19"><span class='ocrx_word' id='word_1_236' title='bbox 168 2561 248 2605; x_wconf 88' lang='lat' dir='ltr'><em>fini</em></span> <span class='ocrx_word' id='word_1_237' title='bbox 285 2563 505 2622; x_wconf 87' lang='lat' dir='ltr'><em>coniungi</em></span> <span class='ocrx_word' id='word_1_238' title='bbox 536 2565 920 2624; x_wconf 86' lang='lat' dir='ltr'><em>intelligimus...»</em></span> <span class='ocrx_word' id='word_1_239' title='bbox 953 2565 1264 2610; x_wconf 86' lang='lat' dir='ltr'><em>Terminatur:</em></span> <span class='ocrx_word' id='word_1_240' title='bbox 1301 2578 1443 2620; x_wconf 87' lang='lat' dir='ltr'><em>«quae</em></span> <span class='ocrx_word' id='word_1_241' title='bbox 1470 2561 1643 2619; x_wconf 90' lang='lat' dir='ltr'><em>regulis</em></span> <span class='ocrx_word' id='word_1_242' title='bbox 1671 2559 1818 2603; x_wconf 89' lang='lat' dir='ltr'><em>conti-</em></span> 
     </span>
     <span class='ocr_line' id='line_1_30' title="bbox 169 2637 1819 2700; baseline -0.002 -18"><span class='ocrx_word' id='word_1_243' title='bbox 169 2647 352 2695; x_wconf 87' lang='lat' dir='ltr'><em>nentur,</em></span> <span class='ocrx_word' id='word_1_244' title='bbox 377 2656 458 2686; x_wconf 89' lang='lat' dir='ltr'><em>eae</em></span> <span class='ocrx_word' id='word_1_245' title='bbox 479 2642 600 2687; x_wconf 91' lang='lat' dir='ltr'><em>enim</em></span> <span class='ocrx_word' id='word_1_246' title='bbox 623 2644 772 2688; x_wconf 94' lang='lat' dir='ltr'><em>solent</em></span> <span class='ocrx_word' id='word_1_247' title='bbox 792 2643 839 2688; x_wconf 89' lang='lat' dir='ltr'><em>in</em></span> <span class='ocrx_word' id='word_1_248' title='bbox 855 2643 1067 2688; x_wconf 92' lang='lat' dir='ltr'><em>domibus</em></span> <span class='ocrx_word' id='word_1_249' title='bbox 1084 2650 1130 2688; x_wconf 88' lang='lat' dir='ltr'><em>et</em></span> <span class='ocrx_word' id='word_1_250' title='bbox 1146 2641 1351 2700; x_wconf 88' lang='lat' dir='ltr'><em>collegiis</em></span> <span class='ocrx_word' id='word_1_251' title='bbox 1368 2639 1563 2698; x_wconf 90' lang='lat' dir='ltr'><em>singulis</em></span> <span class='ocrx_word' id='word_1_252' title='bbox 1584 2637 1819 2682; x_wconf 91' lang='lat' dir='ltr'><em>mensibus</em></span> 
     </span>
     <span class='ocr_line' id='line_1_31' title="bbox 167 2717 1814 2776; baseline -0.002 -15"><span class='ocrx_word' id='word_1_253' title='bbox 167 2717 259 2774; x_wconf 90' lang='lat' dir='ltr'><em>legi</em></span> <span class='ocrx_word' id='word_1_254' title='bbox 290 2719 588 2776; x_wconf 67' lang='lat' dir='ltr'><em>publice—F</em></span> <span class='ocrx_word' id='word_1_255' title='bbox 590 2720 678 2765; x_wconf 90' lang='lat' dir='ltr'><em>inis</em></span> <span class='ocrx_word' id='word_1_256' title='bbox 706 2721 982 2766; x_wconf 91' lang='lat' dir='ltr'><em>scholiorum</em></span> <span class='ocrx_word' id='word_1_257' title='bbox 1010 2721 1059 2764; x_wconf 93' lang='lat' dir='ltr'><em>in</em></span> <span class='ocrx_word' id='word_1_258' title='bbox 1085 2718 1641 2764; x_wconf 75' lang='lat' dir='ltr'><em>constitutiones—Laus</em></span> <span class='ocrx_word' id='word_1_259' title='bbox 1668 2717 1814 2759; x_wconf 90' lang='lat' dir='ltr'><em>Deo.»</em></span> 
     </span>
     <span class='ocr_line' id='line_1_32' title="bbox 167 2785 1818 2856; baseline -0.002 -18"><span class='ocrx_word' id='word_1_260' title='bbox 167 2795 291 2839; x_wconf 90' lang='lat' dir='ltr'><em>Inter</em></span> <span class='ocrx_word' id='word_1_261' title='bbox 318 2808 423 2840; x_wconf 66' lang='lat' dir='ltr'><em>Lam</em></span> <span class='ocrx_word' id='word_1_262' title='bbox 453 2805 499 2842; x_wconf 91' lang='lat' dir='ltr'><em>et</em></span> <span class='ocrx_word' id='word_1_263' title='bbox 522 2810 633 2842; x_wconf 79' lang='lat' dir='ltr'><em>2.at11</em></span> <span class='ocrx_word' id='word_1_264' title='bbox 662 2785 852 2856; x_wconf 82' lang='lat' dir='ltr'><em>partem,</em></span> <span class='ocrx_word' id='word_1_265' title='bbox 893 2801 941 2843; x_wconf 88' lang='lat' dir='ltr'><em>ff.</em></span> <span class='ocrx_word' id='word_1_266' title='bbox 990 2800 1186 2856; x_wconf 85' lang='lat'>146-149</span> <span class='ocrx_word' id='word_1_267' title='bbox 1223 2813 1269 2841; x_wconf 89' lang='lat' dir='ltr'><em>v.</em></span> <span class='ocrx_word' id='word_1_268' title='bbox 1301 2804 1372 2841; x_wconf 91' lang='lat' dir='ltr'><em>est</em></span> <span class='ocrx_word' id='word_1_269' title='bbox 1404 2793 1629 2853; x_wconf 91' lang='lat' dir='ltr'><em>appendix</em></span> <span class='ocrx_word' id='word_1_270' title='bbox 1669 2791 1818 2836; x_wconf 90' lang='lat' dir='ltr'><em>Patris</em></span> 
     </span>
     <span class='ocr_line' id='line_1_33' title="bbox 167 2869 1815 2934; baseline -0.004 -17"><span class='ocrx_word' id='word_1_271' title='bbox 167 2873 330 2928; x_wconf 90' lang='lat' dir='ltr'><em>Nadal,</em></span> <span class='ocrx_word' id='word_1_272' title='bbox 356 2875 413 2918; x_wconf 87' lang='lat' dir='ltr'><em>ab</em></span> <span class='ocrx_word' id='word_1_273' title='bbox 434 2876 594 2919; x_wconf 90' lang='lat' dir='ltr'><em>eodem</em></span> <span class='ocrx_word' id='word_1_274' title='bbox 617 2877 883 2922; x_wconf 88' lang='lat' dir='ltr'><em>amanuensi</em></span> <span class='ocrx_word' id='word_1_275' title='bbox 905 2876 1091 2934; x_wconf 90' lang='lat' dir='ltr'><em>scripta,</em></span> <span class='ocrx_word' id='word_1_276' title='bbox 1116 2876 1173 2920; x_wconf 91' lang='lat' dir='ltr'><em>de</em></span> <span class='ocrx_word' id='word_1_277' title='bbox 1197 2875 1268 2930; x_wconf 90' lang='lat' dir='ltr'><em>iis,</em></span> <span class='ocrx_word' id='word_1_278' title='bbox 1294 2888 1412 2931; x_wconf 88' lang='lat' dir='ltr'><em>quae</em></span> <span class='ocrx_word' id='word_1_279' title='bbox 1434 2873 1569 2929; x_wconf 90' lang='lat' dir='ltr'><em>jussu</em></span> <span class='ocrx_word' id='word_1_280' title='bbox 1593 2869 1724 2914; x_wconf 92' lang='lat' dir='ltr'><em>Pauli</em></span> <span class='ocrx_word' id='word_1_281' title='bbox 1754 2870 1815 2912; x_wconf 92' lang='lat' dir='ltr'><em>IV</em></span> 
     </span>
     <span class='ocr_line' id='line_1_34' title="bbox 167 2947 1817 3003; baseline -0.001 -10"><span class='ocrx_word' id='word_1_282' title='bbox 167 2950 570 2996; x_wconf 90' lang='lat' dir='ltr'><em>constitutionibus</em></span> <span class='ocrx_word' id='word_1_283' title='bbox 607 2953 761 2998; x_wconf 86' lang='lat' dir='ltr'><em>addita</em></span> <span class='ocrx_word' id='word_1_284' title='bbox 790 2955 990 2998; x_wconf 85' lang='lat' dir='ltr'><em>fuerunt.</em></span> <span class='ocrx_word' id='word_1_285' title='bbox 1024 2953 1207 2997; x_wconf 92' lang='lat' dir='ltr'><em>Titulus</em></span> <span class='ocrx_word' id='word_1_286' title='bbox 1234 2951 1364 2995; x_wconf 86' lang='lat' dir='ltr'><em>initio</em></span> <span class='ocrx_word' id='word_1_287' title='bbox 1393 2950 1470 2993; x_wconf 85' lang='lat' dir='ltr'><em>sol.</em></span> <span class='ocrx_word' id='word_1_288' title='bbox 1510 2948 1614 3003; x_wconf 83' lang='lat'><em>146:</em></span> <span class='ocrx_word' id='word_1_289' title='bbox 1659 2947 1817 3003; x_wconf 77' lang='lat' dir='ltr'><em>«Quae</em></span> 
     </span>
     <span class='ocr_line' id='line_1_35' title="bbox 165 3025 1817 3090; baseline -0.002 -19"><span class='ocrx_word' id='word_1_290' title='bbox 165 3027 298 3072; x_wconf 90' lang='lat' dir='ltr'><em>iussit</em></span> <span class='ocrx_word' id='word_1_291' title='bbox 315 3030 503 3073; x_wconf 92' lang='lat' dir='ltr'><em>Paulus.</em></span> <span class='ocrx_word' id='word_1_292' title='bbox 523 3043 567 3085; x_wconf 92' lang='lat'><em>4.</em></span> <span class='ocrx_word' id='word_1_293' title='bbox 588 3032 670 3075; x_wconf 89' lang='lat' dir='ltr'><em>ad—</em></span> <span class='ocrx_word' id='word_1_294' title='bbox 696 3030 704 3090; x_wconf 99' lang='grc' dir='ltr'>Ι</span> <span class='ocrx_word' id='word_1_295' title='bbox 731 3031 868 3076; x_wconf 91' lang='lat' dir='ltr'><em>scribi</em></span> <span class='ocrx_word' id='word_1_296' title='bbox 883 3025 1588 3082; x_wconf 85' lang='lat' dir='ltr'><em>Constitutionibus.»—Incipit:</em></span> <span class='ocrx_word' id='word_1_297' title='bbox 1608 3025 1817 3069; x_wconf 84' lang='lat' dir='ltr'><em>«Octauo</em></span> 
     </span>
     <span class='ocr_line' id='line_1_36' title="bbox 162 3102 1811 3165; baseline -0.004 -16"><span class='ocrx_word' id='word_1_298' title='bbox 162 3105 242 3150; x_wconf 88' lang='lat' dir='ltr'><em>die</em></span> <span class='ocrx_word' id='word_1_299' title='bbox 272 3106 555 3163; x_wconf 86' lang='lat' dir='ltr'><em>septembris.</em></span> <span class='ocrx_word' id='word_1_300' title='bbox 604 3110 730 3165; x_wconf 88' lang='lat'><em>1558.</em></span> <span class='ocrx_word' id='word_1_301' title='bbox 761 3108 944 3153; x_wconf 90' lang='lat' dir='ltr'><em>nomine</em></span> <span class='ocrx_word' id='word_1_302' title='bbox 972 3107 1069 3153; x_wconf 79' lang='lat' dir='ltr'><em>s‚mi</em></span> <span class='ocrx_word' id='word_1_303' title='bbox 1099 3107 1193 3151; x_wconf 90' lang='lat' dir='ltr'><em>dni.</em></span> <span class='ocrx_word' id='word_1_304' title='bbox 1231 3105 1375 3150; x_wconf 90' lang='lat' dir='ltr'><em>nostri</em></span> <span class='ocrx_word' id='word_1_305' title='bbox 1409 3102 1540 3161; x_wconf 86' lang='lat' dir='ltr'><em>Pauli</em></span> <span class='ocrx_word' id='word_1_306' title='bbox 1573 3115 1731 3159; x_wconf 91' lang='lat' dir='ltr'><em>papae.</em></span> <span class='ocrx_word' id='word_1_307' title='bbox 1768 3112 1811 3155; x_wconf 87' lang='lat'><em>4.</em></span> 
     </span>
    </p>
   </div>
  </div>
 </body>
</html>
