2040 3490
794 279 818 315 6
849 279 1003 315 MARTn
1031 278 1119 324 1561
1714 292 1784 329 407

140 384 273 424 seran
293 381 487 437 legatos.
513 381 567 424 El
588 381 749 437 quinto
769 382 923 438 legato
944 396 1004 425 no
1026 385 1076 426 se
1096 381 1235 438 quien
1251 387 1352 426 sera
1373 385 1401 437 ¹3
1422 399 1531 441 pero
1547 384 1680 429 dizen
1697 399 1786 442 que

143 461 275 501 seran
311 457 458 502 cinco.
500 459 572 502 No
609 474 681 502 me
718 459 929 503 stendere
971 474 1029 503 en
1065 467 1166 503 otro
1181 493 1191 512 ,
1236 474 1409 517 porque
1451 476 1556 505 creo
1597 462 1788 507 scriuira

144 537 207 580 M.
236 534 440 592 Baptista
461 536 519 579 de
541 535 708 580 Ribera
730 537 763 579 ².
795 537 922 593 Ayer
950 543 1088 580 stuuo
1116 540 1221 593 aqui
1250 552 1308 581 en
1338 538 1380 582 el
1408 543 1588 582 sermon
1616 540 1659 583 el
1686 554 1787 583 car-

144 613 279 656 denal
300 615 463 657 Μοῑόη
482 628 513 670 y
534 614 577 658 el
598 614 655 675 de
677 614 748 659 S.t
774 614 1027 667 Clemente,
1053 629 1142 670 que
1163 628 1316 659 nunca
1337 618 1474 658 auian
1496 616 1678 670 uenido,
1699 632 1785 660 con

146 690 328 734 Sabello
355 691 388 743 ³,
419 705 449 746 y
476 691 513 734 F
514 705 681 744 errara,
715 706 745 748 y
773 698 897 735 otros
927 690 1059 735 cinco
1089 692 1369 746 cardenales,
1400 707 1430 748 y
1462 707 1553 736 una
1575 694 1709 737 turba
1730 695 1786 738 de

143 765 342 823 obispos‚
368 782 458 823 que
479 767 768 825 pudieramos
789 770 927 812 hazer
950 783 1011 812 un
1032 767 1229 832 concilio
1250 784 1308 813 en
1337 784 1458 813 casa.

234 836 688 889 Encomendamonos
708 847 876 889 mucho
899 846 1031 890 todos
1058 861 1117 890 en
1144 847 1211 890 135
1239 846 1468 891 orationes
1495 847 1553 891 de
1581 848 1639 892 V.
1673 849 1728 891 R,
1760 863 1789 904 y

143 921 218 966 del
238 923 457 966 hermano
484 922 722 967 Ximenez.

230 1001 302 1043 De
323 1001 483 1054 Roma,
506 1015 537 1057 y
553 1000 611 1044 de
633 1002 804 1054 Marzo,
832 1015 875 1057 3,
913 1002 1039 1057 1561.

233 1077 288 1120 El
308 1077 502 1141 negocio
524 1078 582 1122 de
603 1077 788 1123 Medina
808 1079 884 1123 del
905 1080 1078 1136 Campo
1100 1094 1185 1123 con
1215 1080 1258 1123 el
1286 1079 1512 1123 fundador
1540 1086 1680 1137 tenga
1710 1094 1791 1137 por

145 1155 486 1199 eneomendado
508 1157 566 1200 V.
593 1157 647 1200 R.
674 1157 858 1212 quando
879 1171 962 1213 por
983 1157 1058 1202 alli
1080 1171 1280 1214 passare.

922 1377 1018 1417 ΙΙΙ

614 1479 659 1514 Ρ.
687 1478 930 1526 JOANNES
963 1481 1034 1516 DE
1065 1479 1320 1519 POLANCO

682 1587 731 1611 ex
748 1574 1025 1612 commissione
1043 1577 1087 1611 P.
1108 1577 1253 1613 Lainez

478 1672 695 1716 PATRI
737 1673 1168 1727 HJERONYMO
1211 1674 1456 1718 NADAL

659 1782 846 1834 Romae,
872 1781 900 1825 6
921 1780 1072 1826 Martii
1102 1782 1207 1836 1561
1234 1781 1264 1825 ⁴.

140 1892 177 1924 Ἰ.
205 1888 267 1923 De
275 1887 528 1934 fundatione
546 1888 709 1936 collegii
730 1889 1165 1937 monteregiensis.—2.
1187 1888 1454 1925 Cardinalem
1477 1901 1504 1924 a
1522 1889 1650 1925 Puteo
1672 1901 1790 1924 suam

213 1949 378 1984 tandem
395 1949 637 1984 sententiam
662 1950 711 1985 de
739 1949 894 1985 duobus
917 1949 1082 1997 punctis
1105 1949 1359 1985 memorialis
1376 1949 1626 1996 prendisse.-
1646 1959 1710 1995 —3.
1734 1950 1791 1985 De

215 2011 342 2044 morte
359 2011 626 2056 cognatorum
634 2009 843 2057 pontificis
861 2009 990 2044 Pauli
1007 2009 1081 2044 IV.

899 2082 1032 2139 Jhus.

235 2171 348 2226 Muy
370 2169 476 2213 R.d0
491 2185 551 2214 en
572 2171 695 2227 Xpo.
723 2171 886 2214 Padre.

237 2249 334 2291 Pax
355 2246 436 2291 X.i
455 2281 465 2300 ,
490 2254 576 2291 etc.

242 2337 277 2368 1.
341 2324 636 2369 Hauiendose
668 2325 883 2369 detenido
910 2325 977 2368 135
1005 2325 1158 2378 letras,
1189 2325 1376 2370 afiadire
1406 2326 1451 2369 lo
1479 2340 1568 2381 que
1596 2326 1792 2382 despues

147 2406 229 2446 aea
266 2417 315 2446 se
346 2403 526 2446 offrece.
560 2404 634 2446 Ha
665 2402 878 2446 receuido
910 2408 1100 2445 nuestro
1132 2403 1280 2446 Padre
1308 2403 1446 2459 letras
1472 2403 1546 2446 del
1567 2408 1716 2446 rector
1736 2402 1792 2445 de

150 2481 404 2537 Monterey‚
444 2481 594 2524 donde
616 2480 743 2524 auisa
778 2480 823 2524 13
859 2494 973 2536 poca
1009 2479 1287 2536 dispusicion
1324 2495 1413 2536 que
1440 2496 1490 2524 se
1521 2495 1638 2536 ueya
1664 2494 1722 2523 en
1750 2479 1792 2522 el

221 2639 231 2659 ¹
264 2630 328 2672 ‘In
347 2637 522 2683 margine
539 2637 636 2672 haec
654 2636 786 2672 addita
804 2641 909 2672 sunt:
935 2636 1051 2671 dizen
1074 2647 1148 2682 que
1170 2636 1208 2672 el
1229 2637 1414 2678 datariu,
1435 2647 1490 2683 γα
1511 2636 1705 2672 cardenal
1731 2635 1793 2670 Si-

149 2699 322 2735 moneta.
469 2687 473 2691 ⁴

215 2759 230 2778 ²
281 2757 326 2792 In
345 2757 515 2805 Regest„
537 2758 612 2792 loc.
631 2756 716 2801 cit.‚
735 2756 802 2792 fol.
822 2755 907 2801 314,
927 2761 990 2791 est
1008 2755 1174 2802 epistola
1190 2755 1240 2792 ad
1253 2755 1536 2803 provincialem
1549 2754 1790 2798 Lusitaniae,

145 2814 167 2850 3
186 2815 316 2852 Martii
336 2817 422 2862 1561
444 2816 549 2862 data,
568 2816 608 2852 in
626 2828 716 2864 qua,
736 2821 893 2864 praeter
909 2816 998 2859 alia,
1017 2816 1115 2851 haec
1131 2815 1181 2851 de
1199 2816 1243 2852 P.
1264 2817 1417 2862 Joanne
1437 2816 1550 2862 Bapt.
1571 2813 1715 2850 Ribera
1734 2826 1792 2849 re—

146 2875 409 2923 periunturz...
431 2876 510 2912 «La
527 2876 710 2912 occasion
727 2875 938 2923 particular
955 2875 1005 2911 de
1023 2874 1173 2910 screuir
1186 2880 1286 2920 esta,
1301 2876 1403 2911 ultra
1416 2875 1465 2910 de
1479 2873 1611 2910 cubrir
1627 2875 1792 2920 algunas

145 2935 466 2983 quadrimestres‚
485 2948 528 2972 es
546 2935 807 2972 encomendar
825 2937 882 2972 las
899 2936 1105 2971 hermanas
1123 2935 1186 2971 del
1204 2936 1249 2971 P.
1269 2935 1446 2983 Baptista
1463 2934 1511 2970 de
1529 2934 1743 2970 Ribera...»

220 2995 235 3016 ⁵
286 2994 372 3042 Sic,
391 3007 461 3042 pro
479 2995 651 3031 Savelli.

221 3055 236 3076 ⁴
285 3054 344 3089 Ex
362 3054 534 3101 Regest„
556 3055 709 3102 «Epist.
741 3055 862 3102 Hisp.
883 3054 1137 3101 1559—1564»,
1164 3053 1232 3090 fol.
1263 3052 1422 3100 314-314
1449 3053 1584 3089 v.—In
1599 3051 1789 3100 margine:

152 3114 202 3149 P.
222 3112 362 3150 Natal.
