2066 3490
255 284 298 310 10
847 276 1013 313 CHRoN.
1042 276 1086 311 P.
1114 276 1303 311 NATALIS

251 376 365 421 nihil
385 363 515 434 coepi
537 379 727 433 habere;
759 393 852 422 non
880 393 1003 422 eram
1032 385 1185 421 tamen
1213 377 1341 420 liber:
1374 375 1548 419 tentaui
1578 377 1666 419 hoc
1698 383 1903 434 tempore

250 454 288 498 si
316 469 498 512 possem
526 469 584 499 ex
620 455 766 512 patria
794 457 985 499 Romam
1014 454 1265 508 discedere,
1301 454 1382 496 sed
1404 452 1517 496 nihil
1545 453 1696 497 adhuc
1727 454 1856 498 lubet
1887 456 1898 477 ¹
1935 441 1938 444 ⁴

248 531 487 589 profectio,
513 547 673 576 verum
695 534 710 554 ²
736 532 959 577 deterruit
980 546 1053 575 me
1073 533 1371 575 vehementer
1392 530 1593 574 Moreius
1621 532 1896 576 auunculus:

250 611 447 653 verbum
470 624 563 653 non
585 610 754 653 addidi.
1358 606 1364 611 ’

341 688 412 730 28.
478 687 585 731 Fuit
606 694 760 731 autem
788 687 914 731 aliud
940 701 1089 744 genus
1117 685 1325 743 gratiae(
1335 700 1426 741 quo
1453 692 1613 742 postea
1640 700 1713 729 me
1741 700 1900 742 prose-

250 770 387 808 cutus
407 766 551 818 Deus,
573 779 713 820 quum
736 765 812 809 illa
834 764 997 822 gratia,
1024 779 1160 820 quam
1178 763 1235 823 [a]
1252 762 1454 820 benigna
1469 763 1569 807 eius
1585 777 1723 806 manu
1746 763 1901 820 accepi

251 856 308 885 ex
331 841 539 886 oratione
562 844 615 885 B.
643 841 935 886 Elizabethae
956 849 1001 885 et
1025 841 1123 885 eius
1144 840 1255 893 vita,
1286 855 1464 884 summa
1492 839 1668 884 fuisset.
1695 840 1902 884 Intellexi

250 920 309 964 de
336 920 389 963 F.
422 919 648 973 Antonio,
689 919 898 973 eremita,
939 926 1077 975 atque
1113 919 1227 962 adeo
1263 919 1557 972 anachoreta,
1598 917 1677 974 qui
1713 917 1903 961 viuebat

249 996 445 1053 primum
466 996 514 1039 in
536 1003 684 1050 antro,
710 996 817 1040 dein
838 996 951 1039 vixit
973 995 1020 1038 in
1042 995 1256 1049 cisterna,
1280 1002 1440 1052 postea
1461 994 1688 1038 concessit
1710 982 1772 1038 adv
1796 984 1900 1038 Tri—

251 1073 406 1117 nitatis
428 1074 614 1117 domum
637 1080 683 1117 et
703 1073 954 1130 praedium.
982 1072 1072 1116 Hic
1094 1087 1313 1129 magnum
1343 1078 1582 1129 acceperat
1613 1086 1639 1115 a
1660 1073 1760 1116 Deo
1794 1086 1899 1115 ora-

252 1150 389 1194 tionis
425 1151 619 1204 donum,
660 1166 751 1195 non
791 1149 1106 1203 monachismi,
1146 1165 1253 1193 nam
1293 1149 1363 1193 bis
1400 1149 1527 1194 exuit
1563 1149 1769 1192 habitum
1801 1148 1901 1193 diui

251 1229 288 1271 F
290 1227 500 1282 rancisci,
536 1228 738 1271 nouitius
761 1235 928 1272 tamen.
955 1229 1074 1271 Rara
1096 1227 1183 1271 alia
1203 1228 1323 1270 dona
1345 1242 1372 1270 a
1397 1226 1599 1271 Domino
1627 1226 1894 1283 accipiebat.

253 1305 344 1349 Hic
378 1305 489 1348 mihi
525 1305 716 1349 mirifice
744 1305 894 1362 coepit
922 1306 1117 1362 placere:
1148 1306 1341 1368 agebam
1373 1304 1569 1349 libenter
1600 1319 1705 1348 cum
1735 1304 1812 1347 illo
1838 1305 1900 1348 de

251 1382 457 1426 oratione
483 1389 529 1426 et
556 1383 694 1426 rebus
721 1382 1047 1439 spiritualibus,
1079 1382 1215 1426 etiam
1245 1381 1283 1426 si
1311 1382 1486 1425 nullum
1514 1382 1685 1425 donum
1717 1381 1764 1424 in
1792 1378 1898 1425 Ora-

253 1458 376 1503 tione
405 1459 698 1516 accepissem:
739 1460 925 1516 specula
962 1459 1037 1503 illa
1063 1466 1175 1512 erat,
1207 1474 1300 1503 non
1336 1473 1499 1503 sensus
1535 1458 1737 1515 spiritus,
1780 1459 1900 1502 vnde

251 1551 356 1579 cum
378 1536 455 1580 illo
478 1538 687 1594 agebam:
712 1537 913 1594 legeram
937 1546 1033 1580 tum
1055 1536 1260 1580 studiose
1280 1536 1439 1580 diuum
1465 1535 1739 1592 Dionysium
1767 1550 1898 1579 areo-

251 1613 470 1671 pagitam.
1870 1611 1872 1614 ’

343 1703 414 1749 29.
481 1691 660 1736 Secessi
682 1691 739 1734 ad
762 1691 997 1735 Trinitatis
1024 1693 1226 1745 domum,
1251 1698 1302 1735 vt
1322 1706 1428 1735 cum
1455 1693 1543 1735 hoc
1570 1690 1757 1735 eremita
1785 1690 1896 1734 faci-

250 1768 338 1812 lius
360 1769 576 1812 haberem
599 1769 991 1824 consuetudinem3
1018 1769 1065 1812 in
1080 1768 1248 1814 vicinia
1270 1768 1390 1813 enim
1411 1768 1647 1812 habitabat
1667 1768 1715 1811 in
1736 1768 1896 1812 cister-

252 1861 327 1900 na;
346 1845 482 1890 simul
498 1854 548 1889 vt
564 1846 727 1890 studiis
743 1861 951 1890 vacarem
971 1848 1002 1890 ³.
1025 1847 1115 1891 Hic
1132 1847 1310 1904 incoepi
1326 1846 1410 1890 niti
1428 1848 1485 1890 ad
1507 1846 1773 1890 orationem:
1793 1860 1895 1889 sum

251 1922 388 1967 etiam
406 1931 568 1967 nactus
589 1923 754 1967 librum
777 1924 878 1968 viae
899 1924 1100 1981 spiritus,
1133 1925 1211 1981 qui
1237 1925 1348 1968 mihi
1374 1927 1669 1969 vehementer
1696 1938 1751 1968 eo
1779 1930 1896 1967 tem-

250 2015 361 2057 pore
382 1987 545 2045 arrisit.
574 2003 744 2058 Magna
765 2017 821 2045 ex
843 2009 971 2058 parte
1003 2003 1067 2046 fui
1089 2003 1165 2047 illa
1192 2003 1441 2047 acerbitate
1467 2003 1663 2046 leuatus:
1695 2016 1754 2045 ne
1782 2002 1898 2046 adeo

251 2092 325 2122 me
347 2078 571 2135 affligeret
595 2078 788 2122 faciebat
810 2079 884 2123 illa
905 2080 1118 2134 solitudo,
1144 2081 1432 2124 consuetudo
1454 2080 1575 2123 illius
1597 2079 1705 2123 boni
1733 2079 1898 2123 eremi—

252 2143 341 2199 tae.
367 2157 527 2211 Itaque
548 2171 642 2199 non
662 2156 933 2200 discesserat
953 2157 1029 2201 illa
1058 2157 1314 2214 aegritudo,
1343 2158 1427 2201 sed
1454 2156 1784 2201 intermittebat
1814 2155 1899 2199 ali-

252 2233 452 2288 quando,
478 2232 658 2276 tametsi
680 2247 859 2289 semper
880 2241 977 2277 erat
998 2235 1202 2278 molesta.
1223 2234 1290 2278 Ibi
1311 2235 1438 2278 venit
1454 2235 1594 2278 semel
1614 2233 1663 2277 in
1678 2239 1895 2286 mentem,

251 2309 364 2353 socii
386 2309 524 2365 aliqui
546 2309 712 2353 alicubi
733 2325 925 2367 peregre
947 2311 1312 2365 conueniremus,
1338 2319 1384 2356 et
1411 2313 1684 2356 haberemus
1715 2310 1792 2354 vbi
1823 2324 1898 2354 se-

327 2503 336 2521 ¹
388 2500 478 2535 Non
495 2499 611 2535 facile
628 2499 799 2536 discerni
817 2506 949 2547 potest
966 2501 1061 2548 quid
1083 2501 1147 2537 hic
1171 2502 1346 2538 scribere
1370 2502 1541 2538 voluerit
1558 2502 1682 2537 Nadal
1709 2513 1759 2537 an
1781 2501 1898 2537 habet

253 2560 317 2595 vel
337 2560 442 2595 lubet
460 2560 523 2595 vel
541 2559 635 2607 quid
652 2560 771 2596 aliud.

324 2622 338 2641 Ξ
389 2618 569 2656 Obscure
587 2631 745 2667 prorsus
776 2626 977 2656 exaratum
996 2627 1057 2657 est
1080 2623 1154 2657 hoc
1178 2623 1358 2668 verbum3
1378 2622 1482 2659 unde
1509 2622 1640 2669 potius
1658 2620 1897 2667 divinamus,

254 2691 371 2726 quam
390 2678 574 2724 legimus,
593 2691 749 2715 verum.

325 2740 339 2760 ³
391 2738 595 2774 «Cansado
612 2741 731 2785 algun
757 2745 866 2775 tanto
889 2740 938 2775 de
963 2742 1021 2776 las
1039 2747 1167 2777 tareas
1190 2741 1398 2787 literarias,
1417 2745 1511 2790 paso
1536 2753 1629 2789 para
1651 2751 1852 2776 recrearse
1877 2742 1899 2776 a

252 2810 330 2834 una
346 2798 483 2845 granja
500 2799 550 2834 de
569 2799 836 2843 Valldemusa,
855 2811 968 2835 cerea
986 2801 1022 2835 la
1039 2801 1206 2837 hermita
1223 2801 1273 2837 de
1287 2803 1320 2837 T
1323 2802 1490 2847 rinidad,
1509 2801 1638 2837 donde
1652 2803 1754 2837 trato
1771 2811 1846 2836 con
1864 2801 1900 2836 el

254 2859 304 2893 V.
329 2859 373 2893 P.
406 2858 581 2894 Antonio
612 2858 905 2894 Castafieda...»
938 2860 1086 2907 FURIO,
1111 2861 1346 2905 Memorias,
1367 2861 1435 2897 ubi
1458 2862 1646 2898 nonnulla
1669 2855 1903 2906 corrigenda

254 2923 360 2963 sunt,
381 2930 430 2954 ex
449 2919 576 2954 Patris
594 2919 718 2954 Nadal
741 2918 956 2963 Chronico;
973 2932 1052 2955 non
1071 2920 1174 2955 enim
1193 2921 1242 2956 ad
1259 2921 1418 2957 domurn
1435 2921 1640 2957 Trinitatis
1658 2920 1838 2965 secessit,
1857 2925 1902 2956 ut

254 2976 428 3013 animum
446 2979 655 3023 relaxaret,
675 2978 745 3014 sed
763 2983 807 3014 ut
829 2980 948 3014 rebus
967 2980 1237 3026 spiritualibus
1257 2987 1297 3017 et
1322 2981 1541 3018 litterarum
1566 2980 1707 3017 studiis
1725 2984 1898 3015 vacaret.

256 3036 346 3072 Alia
364 3037 524 3085 insuper
541 3037 670 3074 minus
695 3043 876 3074 accurate
900 3038 955 3074 ibi
982 3039 1126 3086 scripta
1151 3040 1340 3087 reperies,
1368 3041 1401 3077 si
1427 3053 1516 3077 cum
1533 3041 1607 3076 hoc
1635 3039 1833 3076 Chronico
1850 3050 1898 3075 ea

220 3108 222 3111 ’
253 3096 447 3132 conferas.
