2046 3510
499 734 669 780 PRIMI
701 733 1046 779 VOLUMINIS
1079 733 1458 782 PROOEMIUM

246 1161 297 1204 In
318 1160 406 1203 hoc
428 1157 572 1216 primo
594 1153 826 1202 volumine
853 1156 1148 1214 epistolarum
1178 1160 1232 1202 P.
1264 1157 1427 1210 Nadal,
1459 1157 1560 1214 ejus
1587 1164 1718 1215 gesta
1744 1156 1802 1202 ab

156 1237 285 1282 initio
307 1252 418 1281 suae
438 1235 690 1284 vocationis
712 1250 858 1292 usque
879 1236 937 1279 ad
959 1234 1181 1292 principia
1202 1236 1432 1281 secundae
1452 1234 1596 1293 ipsius
1623 1235 1802 1280 missio—

158 1309 229 1360 nis
259 1315 308 1359 in
335 1314 627 1360 Germaniam
657 1313 965 1372 (1535-1562)‚
996 1313 1217 1359 ditissima
1243 1320 1644 1359 monumentorum
1672 1313 1804 1371 copia

158 1393 457 1447 illustrantur.
1227 1389 1229 1391 ’

217 1464 221 1468 ’
247 1473 306 1515 Et
326 1470 472 1528 primo
493 1470 695 1527 quidem,
722 1471 980 1514 Chronicon
1000 1470 1254 1514 vocationis
1275 1469 1434 1527 ipsius,
1459 1472 1683 1515 hactenus
1704 1469 1804 1514 ine-

157 1549 303 1593 ditum
324 1548 612 1607 proferimus,
638 1550 762 1605 quod
783 1548 1079 1605 quantumvis
1099 1562 1192 1592 non
1213 1547 1433 1605 scriptum
1455 1547 1593 1592 fuerit
1621 1548 1679 1591 ab
1706 1547 1805 1605 ipso

158 1634 265 1671 ante
286 1641 455 1671 annum
479 1627 606 1682 1565,
633 1633 684 1670 ut
705 1626 846 1683 liquet
862 1641 919 1670 ex
940 1626 1039 1683 ipso
1064 1626 1301 1689 Chronico,
1324 1641 1371 1669 n.
1397 1640 1456 1685 90
1481 1627 1510 1680 ¹;
1537 1632 1690 1670 tamen
1711 1625 1805 1682 pri-

159 1719 234 1748 mo
270 1705 371 1749 loco
401 1706 712 1761 reponendum
749 1705 1043 1761 postulabant
1070 1718 1140 1758 ea,
1175 1718 1293 1761 quae
1320 1703 1488 1747 ibidem
1517 1710 1803 1756 enarrantur,

161 1790 364 1840 tempore
391 1789 515 1827 certe
541 1781 692 1840 priora
718 1781 788 1835 iis,
823 1796 940 1838 quae
966 1781 1012 1825 in
1041 1781 1243 1839 epistolis
1271 1781 1580 1825 continentur.
1617 1781 1806 1825 Plurimi

161 1861 364 1918 profecto
385 1859 716 1905 aestimandum
745 1867 814 1904 est
840 1861 928 1903 hoc
955 1860 1299 1913 documentum,
1331 1874 1424 1902 non
1452 1859 1600 1903 solum
1629 1859 1687 1902 ad
1717 1861 1807 1903 Pa-

160 1938 240 1982 tris
261 1939 408 1983 Nadal
429 1937 585 1991 vitam,
611 1938 692 1981 sed
714 1937 850 1982 etiam
871 1938 929 1980 ad
951 1938 999 1982 S.
1026 1937 1191 1994 Ignatii
1213 1944 1316 1981 acta
1336 1937 1515 1994 plenius
1537 1943 1583 1980 et
1604 1936 1808 1980 intimius

159 2015 488 2073 dignoscenda.
518 2015 656 2060 Plura
676 2014 844 2059 etenim
861 2014 923 2058 ibi
940 2014 1150 2058 minutim
1167 2015 1500 2072 consignantur
1516 2030 1543 2058 a
1561 2021 1677 2058 teste
1693 2028 1807 2058 ocu-

159 2093 267 2147 lato,
292 2107 409 2149 quae
430 2092 638 2149 nuspiam
661 2092 770 2136 alias
793 2092 988 2149 reperire
1010 2093 1078 2136 fas
1099 2099 1185 2146 est,
1216 2091 1303 2136 nisi
1326 2093 1442 2135 forte
1464 2091 1511 2134 in
1533 2091 1806 2148 quibusdam

161 2170 438 2224 auctoribus,
469 2170 547 2226 qui
578 2177 738 2227 postea
768 2184 825 2214 ex
861 2169 1020 2213 rivulis
1056 2170 1160 2227 plus
1196 2169 1406 2213 minusve
1443 2169 1638 2213 turbidis
1669 2169 1807 2226 hujus

163 2247 301 2292 fontis
322 2247 580 2292 successive
601 2249 715 2292 haec
738 2248 835 2304 ipsa
856 2248 1251 2304 deprompserunt.

251 2322 468 2381 Sequitur
491 2325 881 2368 Commentarium
903 2325 962 2368 de
984 2324 1078 2368 vita
1099 2324 1241 2381 ipsius
1271 2327 1324 2368 P.
1357 2325 1503 2369 Nadal
1530 2339 1556 2368 a
1586 2326 1638 2368 P.
1665 2324 1806 2382 Jime—

162 2417 247 2446 nez
266 2403 580 2456 lucubratum;
606 2403 729 2458 quod
751 2401 1175 2458 quidem-scriptum
1198 2402 1284 2445 fuit
1306 2409 1412 2459 post
1437 2408 1629 2445 mortem
1660 2400 1807 2444 Patris

163 2480 331 2534 Nadal;
357 2480 438 2523 sed
454 2480 707 2523 secundum
724 2495 750 2523 a
771 2480 997 2523 Chronico
1015 2479 1057 2523 ei
1073 2480 1224 2523 locum
1242 2479 1594 2536 assignavimus,
1614 2493 1668 2522 eo
1687 2479 1807 2534 quod

163 2557 337 2610 eadem,
362 2558 522 2601 saltem
545 2557 590 2600 in
613 2557 761 2614 priore
783 2557 924 2614 ipsius
946 2565 1090 2614 parte,
1114 2564 1436 2611 recensentur3
1463 2564 1605 2612 utque
1634 2555 1808 2599 facilius

162 2625 357 2678 conferri
378 2636 575 2688 valeant,
608 2650 725 2691 quae
746 2635 792 2678 in
820 2642 1014 2692 utroque
1036 2635 1311 2678 documento
1340 2634 1649 2678 continentur.
1682 2635 1802 2676 Hae-

164 2711 405 2756 reticorum
428 2712 473 2755 in
495 2713 645 2757 Gallia
667 2720 825 2756 contra
847 2712 1094 2755 catholicos
1115 2719 1161 2755 et
1182 2712 1420 2769 religiosos
1438 2711 1626 2754 insidiae
1642 2718 1687 2754 et
1704 2723 1816 2766 per—'

163 2789 436 2842 secutiones,
476 2797 522 2833 et
560 2790 708 2834 Patris
744 2790 892 2834 Nadal
928 2789 1098 2832 invicta
1130 2788 1348 2832 fortitudo
1380 2776 1497 2831 inter
1530 2786 1809 2830 imminentia

162 2866 320 2910 mortis
341 2866 540 2923 pericula
562 2882 680 2911 nova
702 2867 744 2910 in
769 2869 855 2910 hoc
881 2867 1218 2910 Commentario
1239 2867 1342 2910 luce
1359 2867 1630 2909 clarescunt.
1653 2864 1803 2922 (1535-

174 2943 315 3000 1562).

245 3113 253 3133 ¹
306 3111 406 3147 Vide
424 3111 538 3158 infra,
557 3124 646 3160 pag.
667 3122 724 3158 25.
