2098 3484
776 292 778 294 ’
794 295 815 321 2
841 286 1109 322 SEPTEMBms
1139 295 1230 331 1550
1790 289 1847 335 93

189 403 297 433 casa
317 381 364 431 di
385 387 669 444 probatione,
694 387 732 431 si
754 390 814 431 ha
835 387 1071 445 giudicato
1093 402 1174 444 per
1194 389 1314 432 bene
1334 403 1429 432 non
1450 388 1615 446 pigliar
1631 392 1758 434 molti
1775 392 1847 435 in-

191 465 348 519 sieme,
373 466 628 508 sarebbeno
650 464 728 522 gia
748 464 796 507 in
818 479 925 508 casa
945 480 1007 507 vn
1030 480 1146 521 gran
1168 480 1376 509 numero.

280 543 322 586 6.
388 543 477 587 Nel
497 541 710 599 collegio,
737 556 817 598 per
839 541 987 599 gratia
1003 542 1079 586 del
1096 542 1309 599 Signore,
1329 542 1368 586 si
1384 543 1627 587 sforciamo
1642 559 1669 588 a
1685 560 1844 590 seruar

188 621 231 663 la
253 619 518 674 obidientia,
543 634 631 663 con
652 621 792 663 molta
812 619 1067 676 diligentia,
1093 634 1202 663 ceca
1218 626 1266 663 et
1282 634 1370 663 con
1386 622 1499 664 total
1514 622 1841 680 abnegatione,

187 706 234 742 et
271 698 472 742 caminar
507 699 613 742 nelo
649 713 764 754 puro
801 697 962 754 spiritu
999 698 1118 741 della
1156 698 1456 755 Compagnia.
1499 700 1758 745 Habbiamo
1795 702 1843 745 di

185 791 342 820 nuouo
364 791 444 833 per
465 775 647 833 miglior
668 775 849 832 agiutto
870 775 1112 832 designata
1132 790 1223 819 vna
1251 790 1433 819 camera
1463 785 1688 833 separata,
1719 780 1840 824 doue

185 869 331 898 sonno
352 853 590 910 discipline
606 860 653 897 et
669 852 821 907 cilicii,
841 854 1009 909 perche
1025 855 1134 909 ogn’
1155 868 1265 907 uno,
1285 868 1373 897 con
1389 853 1573 898 licentia
1589 858 1743 900 tamen
1764 859 1844 903 del

182 931 438 988 superiore,
478 931 674 975 essendo
702 930 937 988 giudicato
963 930 1090 983 vtile,
1122 945 1256 987 possa
1283 946 1346 973 vn
1372 946 1490 987 poco
1516 933 1763 978 mortificar
1794 937 1837 980 la

183 1023 320 1052 carne
341 1015 694 1052 secretamente:
720 1016 767 1052 et
788 1010 935 1052 anche
965 1008 1210 1051 habbiamo
1238 1009 1339 1052 fatti
1367 1009 1444 1052 doi
1477 1024 1505 1053 o
1537 1018 1605 1054 tre
1636 1013 1757 1056 sacci
1789 1014 1841 1057 di-

128 1100 130 1102 *
183 1101 344 1143 grossa
366 1087 472 1141 tela,
504 1093 552 1130 et
579 1086 690 1143 ogni
718 1085 882 1143 giorno
909 1100 1024 1140 vn0,
1054 1085 1223 1129 vestito
1248 1087 1306 1130 de
1333 1088 1440 1143 quel
1467 1102 1624 1143 sacco,
1659 1090 1763 1134 laua
1792 1092 1844 1136 le⁴

181 1165 389 1217 scutelle,
414 1165 643 1208 seruendo
663 1164 707 1206 al
728 1163 976 1218 communi,
1000 1178 1092 1207 vna
1112 1165 1225 1207 hora
1245 1163 1369 1220 dipoi
1391 1164 1456 1222 gli
1477 1166 1616 1222 pasti;
1643 1174 1690 1211 et
1717 1169 1834 1212 hab-

180 1241 332 1285 biamo
353 1241 595 1298 designato
618 1242 685 1285 far
706 1256 797 1284 vna
819 1241 1060 1284 collatione
1089 1240 1324 1298 spirituale
1353 1242 1465 1299 ogni
1493 1245 1681 1288 venerdi
1709 1246 1832 1303 dipoi

180 1321 299 1364 della
325 1319 540 1363 collation
567 1320 819 1376 corporale,
849 1318 1187 1376 proponendosi
1216 1334 1307 1363 vna
1334 1320 1524 1364 materia
1548 1322 1595 1364 di
1622 1322 1830 1379 spiritual

179 1399 339 1452 frutto,
363 1405 410 1442 et
431 1397 538 1441 tutti
560 1412 617 1440 ex
638 1401 847 1453 tempore,
869 1396 916 1439 di
938 1397 1044 1453 quel
1065 1398 1152 1440 che
1171 1397 1353 1441 sentino
1375 1399 1427 1441 in
1447 1400 1631 1455 spiritu,
1654 1403 1742 1446 che
1757 1402 1831 1446 di—

177 1490 293 1519 cano
314 1475 420 1532 quel
441 1477 527 1519 che
547 1475 612 1532 gli
635 1477 796 1532 patera
816 1475 892 1518 nel
915 1474 1133 1531 Signore:
1160 1489 1377 1531 pensamo
1399 1475 1445 1518 di
1472 1484 1637 1521 metter
1664 1487 1829 1536 questo

175 1553 223 1596 in
245 1553 437 1610 pratica:
463 1552 528 1610 gli
550 1552 652 1596 altri
673 1552 750 1596 doi
770 1552 931 1609 puncti
952 1567 1037 1595 son
1059 1551 1137 1609 gia
1157 1553 1210 1595 in
1232 1567 1331 1596 vsu.

265 1642 307 1686 7.
374 1630 424 1676 Si
446 1630 568 1684 viue,
594 1645 675 1687 per
697 1629 846 1687 gratia
868 1630 943 1673 del
965 1629 1152 1686 Signor,
1176 1629 1225 1672 in
1247 1636 1367 1673 tutta
1383 1630 1552 1676 vnione
1568 1640 1614 1676 et
1630 1634 1829 1691 charita„

172 1723 261 1752 con
301 1708 560 1752 edification
601 1707 664 1751 dil
704 1707 928 1764 prossimo
949 1741 959 1761 ,
1003 1706 1379 1763 principalmente
1420 1709 1823 1767 marauigliandosi

173 1786 300 1830 molti
321 1785 522 1843 religiosi
543 1799 674 1829 come
694 1799 784 1828 vna
806 1799 912 1828 casa
932 1784 979 1826 di
1002 1783 1133 1837 tanti,
1157 1791 1204 1828 et
1221 1784 1327 1827 tutti
1343 1785 1523 1839 nouitii,
1542 1786 1581 1830 si
1598 1802 1823 1834 conserua

171 1863 219 1906 in
242 1870 368 1907 tanta
388 1877 501 1920 pace
521 1870 568 1906 et
583 1863 835 1919 alegrezza.
857 1861 936 1907 Sia
951 1862 1196 1905 benedetto
1212 1861 1245 1904 il
1261 1861 1431 1919 Signor
1446 1871 1619 1918 nostro,
1639 1865 1670 1908 il
1686 1869 1829 1923 quale

170 1941 213 1984 ci
234 1941 310 1984 dia
329 1941 374 1984 la
394 1955 507 1997 pace
528 1947 575 1984 et
593 1941 831 1997 alegrezza
851 1940 1054 1996 perfecta
1074 1939 1246 2003 altutti.

260 2020 302 2062 8.
369 2020 435 2063 La
455 2033 562 2062 casa
582 2018 641 2061 de
661 2016 948 2074 probatione,
968 2017 1089 2060 nella
1105 2018 1240 2072 quale
1256 2032 1349 2061 non
1366 2018 1608 2063 habbiamo
1625 2021 1690 2064 fin
1706 2011 1818 2067 hora

167 2098 324 2140 voluto
346 2111 557 2140 resceuer
573 2110 623 2140 se
638 2109 732 2138 non
755 2107 805 2138 12
823 2093 993 2147 ioueni,
1018 2101 1148 2151 parte
1169 2090 1506 2151 gentilh'omini,
1523 2099 1703 2153 partim
1720 2101 1819 2156 ple-

165 2174 255 2229 bei,
280 2189 368 2218 con
388 2175 432 2218 la
453 2174 602 2231 gratia
623 2173 699 2216 del
720 2172 932 2229 Signore,
958 2173 984 2215 e
1012 2171 1059 2214 di
1086 2172 1228 2216 molto
1257 2172 1399 2216 frutto
1431 2181 1477 2217 et
1508 2174 1819 2232 edificatione„

163 2259 211 2295 et
232 2267 258 2295 a
278 2251 355 2295 noi
377 2258 423 2296 et
444 2267 471 2295 a
492 2250 599 2294 tutti
620 2265 714 2293 non
735 2249 773 2293 si
795 2263 966 2306 pareno
987 2263 1038 2292 se
1059 2263 1152 2292 non
1175 2249 1291 2293 tanti
1313 2250 1483 2307 angeli.
1503 2252 1593 2295 Fra
1609 2253 1674 2309 gli
1696 2268 1815 2311 gen-

162 2328 385 2372 tilhomini
407 2343 520 2372 sono
541 2327 617 2371 doi
638 2342 666 2371 o
688 2334 757 2371 tre
777 2326 885 2370 delli
905 2326 1035 2382 primi
1059 2327 1179 2370 della
1200 2334 1337 2380 terra,
1362 2334 1410 2371 et
1429 2342 1522 2372 vno
1543 2330 1553 2350 ¹
1572 2330 1598 2373 e
1615 2331 1819 2375 cuchino

162 2407 344 2450 carnale
364 2407 438 2450 del
458 2412 594 2449 conte
614 2404 660 2447 di
683 2406 815 2449 Luna
837 2405 870 2457 ⁹,
896 2403 1054 2461 signor
1075 2403 1297 2461 principal
1317 2405 1392 2448 del
1413 2420 1559 2462 regno
1576 2414 1622 2450 et
1638 2422 1810 2464 gouer-

161 2491 294 2527 nator
309 2483 356 2526 di
372 2494 534 2540 questa
550 2489 684 2526 terra.
703 2483 862 2526 Sonno
877 2481 925 2523 di
941 2495 1058 2538 gran
1073 2481 1278 2536 habilita,
1291 2489 1338 2525 et
1354 2482 1419 2525 sei
1436 2483 1578 2526 molto
1594 2485 1682 2527 ben
1700 2500 1808 2541 pro-

161 2560 273 2604 uetti
294 2561 340 2603 in
362 2559 615 2614 humanita,
639 2559 654 2601 i
676 2559 798 2615 quali
820 2558 859 2602 si
881 2557 1157 2602 essercitano
1185 2558 1295 2616 ogni
1325 2560 1371 2602 di
1403 2558 1451 2602 in
1481 2574 1728 2617 compones
1758 2563 1807 2606 in

158 2638 270 2681 latin
291 2645 338 2682 et
358 2651 497 2695 greco
518 2644 565 2680 et
591 2636 638 2679 in
669 2635 802 2680 versi.
836 2636 1040 2681 Sarebbe
1064 2635 1205 2692 longo
1232 2651 1392 2680 narrar
1418 2637 1448 2678 l’
1483 2637 1642 2681 ordine
1673 2653 1810 2683 como

155 2730 301 2759 sonno
316 2713 564 2772 gouernati
586 2714 661 2757 nel
682 2713 845 2770 spiritu
865 2720 912 2757 et
933 2712 1104 2756 littere:
1130 2712 1169 2756 si
1189 2712 1288 2757 dira
1308 2728 1396 2756 con
1411 2714 1455 2756 la
1471 2714 1620 2771 gratia
1635 2716 1709 2758 del
1727 2716 1802 2761 Si-

153 2807 299 2850 gnore
319 2806 401 2848 per
422 2793 551 2843 altra,
577 2798 624 2834 et
645 2790 775 2847 quasi
796 2789 830 2833 il
852 2797 972 2833 tutto
999 2789 1037 2833 si
1065 2790 1233 2834 vedera
1262 2791 1381 2834 nelle
1413 2791 1727 2836 constitutioni
1754 2794 1800 2837 di

151 2870 305 2927 quella
325 2884 431 2913 casa
452 2870 538 2912 che
558 2867 597 2911 si
618 2868 929 2911 mandaranno
950 2874 1120 2924 presto.
1146 2867 1255 2912 Solo
1276 2867 1323 2910 in
1345 2869 1559 2924 generale
1584 2868 1687 2913 dieo
1713 2873 1806 2916 che

226 3057 236 3076 ¹
289 3053 484 3089 Asdrubal
502 3052 551 3087 de
571 3052 693 3087 Luna.
714 3051 815 3087 Vide
834 3063 965 3098 supra,
984 3027 1110 3099 epist,
1122 3059 1180 3097 25.

224 3115 239 3136 ²
289 3113 430 3148 Petrus
447 3111 496 3147 de
515 3111 638 3147 Luna.
