2028 3484
276 267 346 303 316
849 267 987 304 EPIST.
1016 267 1059 302 P.
1088 267 1346 314 NADAL—79

274 368 377 426 gios
413 369 566 421 hasta,
598 381 729 412 como
759 368 941 425 pienso,
973 368 1121 413 medio
1150 369 1440 423 Settiembre‚
1472 385 1503 427 y
1530 385 1589 414 en
1617 376 1714 415 este
1746 368 1915 427 tiempo

272 445 432 503 pienso
453 445 594 502 podre
615 452 709 490 star
737 461 795 491 en
823 445 1078 501 Florentia,
1109 450 1136 490 ό
1165 446 1380 504 partirme
1406 447 1526 492 della
1552 461 1660 505 para
1688 448 1855 493 Loreto
1885 461 1916 504 y

277 525 463 578 Perosa,
488 526 516 566 ό
538 537 673 567 0οῐηο
697 523 838 568 meior
860 527 1099 581 parescera
1121 528 1147 567 3
1169 525 1227 569 V.
1255 526 1309 568 P.
1336 539 1426 580 que
1447 526 1584 581 haga,
1610 531 1698 569 etc.

367 612 407 644 2.
475 601 621 645 Sobre
657 600 728 644 103
765 601 879 646 doce
918 601 1164 646 thudescos
1204 602 1215 623 ¹
1254 616 1441 659 paresce
1478 616 1587 658 muy
1614 601 1720 646 bien
1748 602 1792 645 lo
1829 617 1919 659 que

278 680 336 723 V.
365 680 415 722 P.
439 677 603 723 scriue:
633 677 677 722 io
707 693 767 722 no
797 679 862 723 les
890 682 1081 735 prometi
1111 678 1211 722 sino
1238 693 1455 736 procurar
1483 694 1565 736 por
1592 679 1725 734 ellos,
1757 686 1864 734 etc.;
1888 695 1919 737 y

278 770 408 799 como
430 770 490 799 no
506 758 608 800 veia
624 756 765 813 algun
782 755 988 801 subiecto
1005 755 1105 800 sino
1122 756 1350 801 mediocre
1366 760 1393 800 ό
1410 771 1584 811 menos,
1604 772 1664 800 no
1681 772 1754 802 me
1769 759 1921 801 mouia

280 840 428 877 tanto:
470 833 653 877 todauia
681 833 918 890 qualquier
947 834 1170 878 thudesco
1199 833 1422 879 catholico
1450 849 1481 891 y
1506 834 1743 879 sacerdote
1773 835 1922 892 puede

281 913 447 955 mucho
484 910 640 956 aiudar
668 911 768 955 alla.
803 911 856 954 El
885 911 1019 954 modo
1048 925 1137 967 que
1165 913 1222 956 V.
1259 913 1312 956 P.
1345 912 1403 956 da
1429 926 1617 969 paresce
1651 926 1760 969 muy
1797 910 1918 957 bien:

282 1003 372 1045 que
394 1003 578 1046 vengan
600 1004 658 1033 en
680 989 815 1045 aquel
837 989 991 1042 modo,
1017 1004 1046 1045 y
1069 1003 1183 1046 poco
1205 993 1232 1032 3
1252 1004 1384 1046 poco,
1409 996 1497 1034 etc.

373 1080 414 1122 3.
479 1067 527 1110 Io
550 1069 673 1112 tenia
693 1065 846 1110 animo
869 1067 926 1111 de
948 1065 1120 1111 embiar
1147 1070 1173 1110 3
1201 1067 1259 1111 V.
1294 1068 1346 1111 P.
1380 1067 1410 1110 l’
1441 1067 1583 1112 orden
1611 1081 1701 1124 que
1727 1067 1844 1113 dexo
1866 1082 1924 1112 en

281 1145 350 1188 los
371 1143 607 1201 collegios,
632 1159 662 1201 y
684 1145 818 1200 aquel
839 1145 896 1189 de
925 1143 1126 1199 Vienna;
1156 1160 1187 1202 y
1214 1144 1411 1202 despues
1437 1146 1496 1190 he
1522 1145 1723 1202 pensado
1754 1145 1812 1190 de
1842 1145 1924 1190 de-

285 1222 411 1266 xarlo
433 1236 543 1279 para
563 1222 607 1266 la
638 1221 771 1275 vista,
807 1237 837 1278 y
869 1222 966 1265 solo
997 1221 1159 1265 scriuir
1190 1222 1233 1267 13
1263 1237 1440 1266 summa
1472 1238 1530 1267 en
1561 1230 1659 1268 este
1689 1222 1855 1279 medio,
1889 1222 1929 1267 si

284 1301 342 1344 V.
369 1301 422 1343 P.
448 1314 509 1343 no
532 1314 605 1344 me
626 1300 795 1344 ordena
816 1306 915 1343 otra
937 1313 1056 1343 cosa.

373 1389 418 1432 4.
483 1377 550 1421 Lo
568 1391 662 1433 que
683 1378 807 1434 hago
829 1378 960 1421 hasta
982 1380 1087 1433 aqui
1110 1393 1168 1422 en
1190 1384 1313 1422 estos
1334 1379 1416 1422 dos
1437 1379 1496 1425 de
1513 1379 1707 1424 Venetia
1722 1394 1751 1435 y
1769 1379 1927 1423 Padua

284 1470 333 1500 es
354 1454 558 1499 declarat
579 1469 638 1500 en
660 1454 854 1511 algunas
875 1454 1088 1512 praticas,
1114 1455 1193 1498 hoc
1214 1458 1278 1498 est
1300 1455 1328 1498 6
1350 1458 1377 1499 ό
1401 1466 1443 1510 7,
1468 1456 1512 1499 13
1528 1455 1791 1500 substancia
1811 1457 1869 1501 de
1883 1457 1927 1500 la

285 1534 573 1590 Compagnia
593 1547 624 1589 y
645 1531 855 1576 instituto
877 1539 1083 1586 nuestro,
1104 1534 1302 1577 sacando
1325 1534 1431 1577 toda
1452 1548 1559 1578 cosa
1580 1534 1654 1578 del
1676 1549 1867 1579 examen
1898 1549 1927 1591 y

282 1609 648 1664 constitutiones,
673 1625 703 1666 y
725 1609 913 1653 instruir
935 1610 978 1653 lo
1001 1624 1091 1666 que
1112 1611 1264 1668 puedo
1286 1626 1345 1655 en
1366 1611 1410 1655 13
1425 1611 1701 1665 obedientia,
1727 1626 1757 1668 y
1774 1611 1927 1656 decla-

281 1689 421 1734 rarles
443 1688 586 1745 algt'm
607 1702 722 1745 poco
745 1688 880 1732 sobre
901 1688 944 1731 13
966 1687 1160 1743 oration,
1187 1689 1405 1732 tornando
1425 1689 1470 1732 10
1492 1703 1582 1745 que
1602 1703 1790 1746 paresce
1817 1703 1904 1733 con
1917 1715 1928 1720 -

283 1766 413 1812 uenir
433 1770 460 1810 3
483 1766 616 1810 todos
638 1766 696 1810 de
718 1766 786 1809 103
809 1765 1064 1810 exercitios:
1090 1781 1120 1823 y
1141 1766 1465 1823 specialmente
1486 1767 1552 1812 les
1574 1767 1756 1812 declaro
1777 1767 1820 1811 13
1841 1766 1924 1810 im—
1964 1772 1967 1773 ’

282 1843 509 1901 portantia
530 1843 603 1888 del
625 1858 816 1888 examen
835 1844 1022 1900 general
1043 1859 1073 1901 y
1090 1843 1336 1901 particular
1352 1845 1410 1889 de
1426 1845 1539 1889 cada
1555 1845 1645 1899 dia,
1665 1860 1695 1902 y
1711 1845 1837 1890 heles
1853 1860 1927 1890 re-

280 1921 447 1966 ducido
469 1921 512 1965 13
533 1922 646 1964 hora
668 1921 726 1965 de
748 1920 942 1975 oration,
968 1936 1058 1977 que
1080 1936 1158 1966 sea
1185 1921 1335 1966 media
1355 1923 1468 1966 hora
1495 1926 1522 1966 3
1553 1922 1597 1965 13
1625 1928 1841 1975 manana,
1865 1937 1927 1965 vn

283 2014 474 2045 examen
496 2005 625 2043 antes
647 1999 705 2042 de
727 2012 896 2052 comer,
921 2014 951 2055 y
973 2006 1073 2043 otro
1095 2005 1226 2044 antes
1247 2000 1304 2044 de
1331 1999 1500 2043 dormir
1527 2014 1614 2044 con
1642 2015 1704 2042 vn
1725 2013 1839 2057 poco
1870 2000 1928 2045 de

284 2076 476 2130 oration,
501 2077 559 2121 de
587 2077 722 2119 modo
754 2090 844 2133 que
873 2092 927 2121 en
959 2077 1065 2120 todo
1094 2092 1172 2122 sea
1203 2091 1294 2121 vna
1321 2079 1433 2121 hora
1463 2077 1532 2120 sin
1561 2078 1605 2122 la
1631 2077 1790 2131 missa;
1825 2092 1855 2134 y
1887 2078 1928 2122 el

285 2155 424 2198 frutto
447 2169 537 2211 que
558 2155 650 2197 han
672 2154 729 2198 de
750 2160 954 2210 reportat
976 2154 1034 2199 de
1054 2155 1098 2198 la
1126 2154 1461 2210 frequentation
1489 2155 1547 2199 de
1574 2155 1642 2199 los
1669 2169 1928 2200 sacramen-

286 2239 371 2285 tos,
397 2232 465 2276 103
487 2231 670 2276 (10013ῑο
693 2230 892 2275 tambien
914 2246 1002 2275 con
1024 2233 1130 2275 toda
1150 2232 1194 2275 13
1215 2231 1505 2289 importantia
1526 2247 1615 2289 que
1635 2233 1786 2290 puedo
1808 2231 1867 2276 io.

366 2320 407 2365 5.
475 2309 627 2353 Hablo
649 2311 675 2352 3
699 2309 845 2362 todos‚
870 2324 900 2366 y
923 2324 996 2353 me
1018 2309 1212 2354 informo
1234 2310 1292 2354 de
1309 2310 1440 2353 todos
1459 2325 1490 2367 y
1506 2311 1564 2355 de
1581 2310 1710 2354 todas
1726 2324 1856 2354 cosas
1872 2311 1930 2355 de

287 2386 477 2442 quienes
499 2401 573 2431 me
595 2400 797 2443 paresce,
829 2401 858 2442 y
886 2385 1022 2430 aiudo
1045 2387 1088 2430 10
1116 2401 1206 2442 que
1232 2387 1398 2444 puedo.
1432 2387 1619 2431 Ordeno
1646 2387 1714 2431 los
1735 2386 1928 2441 studios,

285 2478 315 2519 y
335 2463 373 2508 si
395 2470 494 2507 otra
517 2478 624 2507 cosa
645 2478 718 2508 me
740 2477 927 2520 paresce
949 2464 1006 2508 de
1028 2464 1236 2508 ordenar.
1264 2464 1469 2521 Hagoles
1486 2478 1681 2508 renouar
1697 2464 1765 2508 los
1781 2471 1928 2520 votos,

285 2622 326 2657 in
345 2619 598 2656 Germaniam
615 2619 757 2655 iterum
775 2631 818 2654 30
836 2620 1048 2664 conferret,
1067 2620 1138 2655 sed
1155 2624 1199 2655 ut
1217 2619 1397 2655 Venetiis
1414 2620 1458 2654 P.
1485 2619 1684 2656 Simonem
1707 2620 1931 2667 Rodriguez

280 2679 452 2726 juvaret:
474 2691 616 2726 operae
635 2679 804 2726 pretium
822 2679 905 2715 fore
923 2686 967 2716 ut
984 2679 1196 2726 collegium
1214 2679 1437 2715 mutinense
1456 2678 1660 2727 inviseret,
1679 2685 1756 2716 etc.
1781 2681 1840 2716 Ex
1857 2682 1930 2717 Re-

282 2742 408 2786 gesto‚
429 2739 500 2785 111,
521 2739 731 2785 257.—-Die
750 2744 881 2774 autem
902 2739 944 2775 13
962 2740 1057 2787 Julii
1072 2740 1176 2776 idem
1195 2740 1238 2775 P.
1259 2740 1444 2786 Polanco,
1459 2751 1507 2774 ex
1521 2739 1812 2788 commissione,
1827 2741 1934 2777 Patri

286 2789 480 2835 Nadalne
499 2798 638 2834 anxius
656 2803 763 2834 esset
781 2799 912 2845 ajebat
930 2812 977 2835 eo
995 2800 1100 2847 quod
1117 2811 1139 2835 e
1158 2798 1369 2836 Germania
1382 2804 1473 2835 ante
1488 2804 1643 2847 tempus
1656 2800 1932 2847 praestitutum

283 2858 550 2905 discessisset,
570 2870 643 2894 nec
661 2858 767 2894 enim
786 2859 930 2904 Ignatii
948 2859 1134 2906 placitum
1152 2858 1227 2906 ipsi
1244 2858 1369 2895 Nadal
1387 2863 1604 2906 opportune
1621 2863 1874 2906 pervenerat,
1892 2864 1933 2895 et

284 2917 442 2952 aliunde
459 2922 541 2953 tum
557 2917 733 2964 pontifici
748 2923 831 2953 tum
846 2919 1000 2964 Ignatio
1019 2920 1133 2965 plane
1152 2917 1397 2954 satisfactum
1410 2917 1551 2954 fuerat.
1567 2919 1738 2967 Regest„
1760 2919 1832 2964 ΙΙΙ,
1848 2919 1929 2955 260.

287 2976 436 3012 —Vide
454 2989 587 3024 supra,
607 2977 724 3024 epist.
744 2977 804 3023 78,
824 2989 912 3024 pag.
933 2977 1017 3025 313,
1036 2983 1169 3014 annot.
1193 2987 1224 3014 I.

361 3038 371 3058 ¹
423 3036 571 3072 Eadem
590 3036 655 3073 die
677 3036 720 3072 13
738 3036 848 3083 Julii,
869 3037 908 3073 in
927 3038 1003 3073 alia
1026 3039 1141 3085 epist.
1168 3038 1329 3074 Polanci
1347 3038 1396 3074 ad
1418 3039 1459 3074 P.
1488 3038 1632 3084 Nadal,
1657 3038 1706 3075 de
1733 3047 1776 3074 12
1800 3039 1927 3076 adole-

285 3096 487 3132 scentibus
506 3097 706 3143 germanis
727 3097 889 3133 Romam
909 3097 1110 3135 mittendis
1128 3109 1256 3135 sermo
1275 3102 1370 3134 erat.
1397 3098 1570 3147 Regest.,
1590 3098 1662 3144 111,
1681 3107 1763 3144 251.
