2028 3484
273 297 342 335 294
848 292 986 332 EprsT.
1014 290 1058 327 P.
1086 289 1346 338 NADAL—74

270 391 455 449 pagnia,
486 394 685 438 secondo
722 394 766 439 13
792 394 1060 439 istructione
1095 394 1169 439 del
1194 396 1248 439 P.
1290 397 1336 440 M
1344 406 1382 439 ,0
1424 395 1639 449 Polanco,
1679 401 1725 440 et
1762 394 1914 452 quello

270 471 356 514 che
377 484 555 515 occore.

358 560 398 603 3.
467 548 735 593 Partendosi
756 548 788 591 il
812 551 863 593 P.
895 551 1030 594 Mtro‚
1063 549 1258 605 Laynes,
1290 549 1351 592 mi
1381 550 1507 595 volse
1533 551 1704 595 hauere
1730 548 1778 592 in
1804 563 1911 593 casa

266 624 559 682 monsignore
580 625 870 680 laubacense‚
906 633 951 671 et
975 630 1126 669 tamen
1148 626 1179 670 11
1201 628 1331 671 Rmo.
1358 627 1520 671 nuntio
1541 626 1579 670 si
1600 626 1750 671 sforzo
1773 627 1905 671 total—

267 709 419 747 mente
441 717 528 746 con
549 703 842 761 monsignore
864 705 1154 758 laubacense,
1176 705 1262 748 che
1283 704 1345 747 mi
1366 704 1526 749 lassasi
1549 704 1708 749 uenire
1733 703 1781 748 in
1803 718 1909 749 casa

266 794 350 824 sua
362 794 450 823 con
460 782 595 839 Jona,
615 781 735 826 doue
751 781 789 825 si
807 787 944 825 tratta
954 780 1453 836 humanissimamente,
1474 788 1520 827 et
1536 781 1574 826 si
1590 788 1762 826 mostra
1777 783 1910 827 affet-

266 857 488 902 tatissimo
509 859 597 903 alla
625 859 924 916 Compagnia.
957 861 1040 904 Sto
1076 859 1120 903 io
1159 866 1400 917 occupato,
1435 874 1569 917 spero
1605 861 1692 904 che
1713 860 1815 903 sara
1837 860 1910 903 col

268 936 425 989 frutto,
457 935 504 979 in
541 942 665 981 certe
701 936 1014 982 controuersie
1040 938 1051 958 ¹
1076 935 1122 980 di
1153 936 1304 981 alcuni
1332 936 1544 981 catholici
1569 936 1830 994 principali,
1864 945 1920 983 et‘

263 1027 396 1070 spero
417 1012 456 1057 si
480 1013 575 1057 fara
598 1014 754 1068 frutto;
786 1020 832 1058 et
861 1015 1007 1058 anche
1034 1015 1096 1057 ho
1127 1015 1301 1077 parlato
1333 1013 1681 1059 familiarmente
1708 1028 1796 1058 con
1819 1015 1911 1060 due

262 1090 451 1136 heretici
473 1091 654 1144 teribili,
680 1098 726 1136 et
747 1092 857 1135 luno
884 1091 1006 1136 disse
1034 1091 1171 1149 dopoi
1199 1107 1226 1136 a
1247 1094 1365 1150 Jona
1393 1093 1479 1136 che
1506 1093 1688 1136 haueua
1723 1091 1910 1136 lasciato

262 1169 470 1226 scropolo
493 1169 583 1214 nel'
608 1169 774 1213 animo.
801 1170 955 1214 Laltro
977 1185 1069 1214 non
1086 1170 1285 1227 potendo
1302 1169 1582 1227 rispondere‚
1602 1169 1739 1215 uiene
1760 1185 1787 1214 a
1803 1184 1909 1215 cose

262 1246 459 1291 absurde
494 1253 540 1291 et
560 1245 711 1291 1161011
733 1246 1008 1304 grossissimi
1030 1247 1075 1290 di
1093 1245 1258 1307 mo[do]
1280 1249 1366 1292 che
1382 1262 1474 1291 non
1491 1261 1662 1304 sapeua
1677 1248 1763 1292 che
1778 1246 1904 1291 dirsi:

262 1338 392 1377 sono,
418 1324 582 1377 Padre,
607 1324 792 1368 ostinati
821 1331 866 1369 et
903 1324 1124 1369 obcecati.
1158 1325 1193 1368 11
1215 1325 1412 1382 Signore
1449 1326 1492 1368 10
1529 1324 1685 1382 uoglia
1713 1324 1902 1370 aiutare.

262 1401 407 1457 Spero
423 1400 469 1444 di
490 1401 671 1458 parlarli
694 1402 807 1445 altra
831 1402 972 1445 uolta.

350 1491 394 1534 4.
458 1479 535 1523 Ho
556 1480 730 1536 parlato
751 1480 793 1523 al
816 1495 865 1524 re
887 1480 1000 1523 altra
1022 1480 1163 1534 uolta,
1188 1487 1235 1525 et
1256 1483 1316 1525 m'
1339 1482 1400 1524 ha
1423 1486 1608 1524 trattato
1631 1479 1908 1523 humanissi-

262 1562 506 1611 mamente,
531 1562 577 1601 et
598 1557 771 1613 parlato
801 1556 1146 1602 familiarmente
1173 1558 1293 1603 della
1322 1557 1587 1602 fondatione
1614 1558 1688 1602 del
1715 1557 1909 1614 collegio

261 1633 308 1677 di
330 1636 481 1691 Praga
502 1634 536 1687 ²,
561 1640 606 1678 et
634 1633 930 1687 habitatione,
956 1641 1065 1687 etc.,
1091 1636 1165 1680 del
1187 1637 1274 1680 che
1301 1634 1452 1680 scriue
1480 1635 1568 1679 alla
1590 1636 1645 1678 P.
1671 1635 1729 1679 V.
1762 1649 1850 1678 con
1866 1634 1909 1680 16

259 1712 422 1757 lettere
437 1713 523 1756 che
544 1726 738 1756 saranno
761 1726 847 1755 con
870 1719 1046 1767 questa,
1073 1712 1116 1757 le
1144 1712 1266 1769 quali
1295 1711 1439 1769 hoggi
1462 1711 1674 1756 habiamo
1702 1711 1908 1757 riceuute

260 1788 306 1832 di
329 1788 490 1834 Viena:
516 1788 672 1833 auanti
694 1790 780 1833 che
807 1788 851 1832 io
873 1796 1003 1846 parta
1030 1788 1076 1832 di
1105 1804 1196 1846 qua
1223 1791 1394 1835 hauera
1422 1790 1535 1833 satta
1560 1790 1605 1833 la
1632 1788 1907 1835 resolutione

262 1867 320 1911 de
336 1881 419 1910 sua
435 1868 622 1920 maesta,
637 1873 683 1911 et
699 1868 829 1924 potra
846 1881 999 1912 essere
1015 1868 1101 1912 che
1117 1867 1163 1910 di
1181 1867 1328 1912 Viena
1343 1867 1461 1912 uada
1477 1871 1503 1911 a
1521 1869 1688 1924 Praga,
1707 1867 1906 1911 secondo

261 1944 323 1987 m’
342 1939 402 1988 ha
422 1943 679 2001 significato
701 1958 784 1988 sua
805 1946 993 1997 maesta,
1014 1951 1060 1989 et
1081 1944 1375 2002 monsignore
1391 1945 1681 1998 laubacense,
1701 1959 1782 2001 per
1797 1944 1907 1989 dare

262 2021 397 2064 alcun
413 2020 577 2084 ordine
587 2020 634 2064 in
650 2027 771 2065 tutto
786 2021 936 2077 quello
950 2023 1036 2067 che
1049 2021 1295 2078 bisognara
1310 2037 1390 2079 per
1403 2021 1687 2066 comenciare
1702 2021 1732 2064 l’
1749 2031 1902 2079 opere.

262 2098 297 2142 11
334 2085 531 2155 S'ignore
557 2099 601 2142 lo
627 2098 757 2156 guidi
785 2105 905 2142 tutto
932 2114 1012 2156 per
1045 2099 1249 2156 magiore
1277 2099 1422 2156 gloria
1449 2114 1548 2143 sua.
1580 2099 1724 2156 Spero
1751 2098 1798 2143 in
1825 2112 1908 2142 sua

262 2175 417 2220 diuina
439 2178 628 2230 Maesta,
655 2178 740 2221 che
762 2175 803 2220 ci
825 2177 934 2221 dara
955 2192 1036 2234 per
1058 2184 1219 2233 queste
1247 2177 1396 2222 bande
1417 2183 1633 2222 aumento
1660 2182 1707 2221 et
1734 2177 1909 2234 grande

261 2253 461 2298 secondo
483 2255 568 2298 che
589 2254 615 2297 ὲ
642 2253 884 2298 necessita.

351 2340 393 2386 5.
458 2330 681 2376 Scriueua
702 2346 781 2387 per
802 2331 949 2384 laltra,
978 2331 1141 2384 Padre,
1162 2332 1192 2374 l’
1217 2338 1460 2377 estremma
1481 2332 1660 2377 miseria
1676 2332 1723 2375 di
1742 2338 1904 2388 queste

260 2407 448 2462 nationi,
474 2414 519 2453 et
540 2408 584 2452 13
604 2422 745 2465 pocca
766 2422 793 2451 ο
815 2408 939 2452 1111113
960 2423 1180 2465 speranza
1202 2410 1287 2453 che
1309 2423 1359 2453 se
1380 2410 1440 2452 ha
1465 2409 1544 2468 [d’]
1567 2408 1706 2453 aiut0:
1726 2407 1788 2452 mi
1805 2410 1900 2465 par'

334 2582 345 2603 ¹
397 2581 488 2628 Ms.‚
505 2581 793 2617 contrauersie.

329 2642 344 2662 2
394 2640 471 2676 Die
490 2647 534 2685 25
553 2638 683 2675 Martii
704 2647 808 2684 1555,
827 2640 924 2675 haec
954 2641 999 2676 B.
1019 2639 1202 2676 Canisius
1234 2641 1378 2677 Sancto
1409 2640 1577 2688 Ignatio,
1604 2641 1653 2677 de
1671 2640 1901 2677 fundatione

257 2699 417 2746 collegii
434 2699 639 2747 pragensis
658 2704 698 2735 et
715 2699 893 2745 aliorum,
913 2700 1125 2737 scribebat:
1143 2700 1247 2748 «Qui
1271 2700 1305 2737 si
1322 2701 1463 2737 manda
1481 2713 1556 2737 vna
1574 2701 1688 2737 litera
1712 2700 1816 2737 della
1832 2712 1903 2736 sua

258 2760 423 2796 Maiesta
441 2760 580 2806 Regia,
600 2764 640 2795 et
654 2759 802 2795 sicome
821 2759 886 2795 noi
904 2759 1133 2796 intendemo
1155 2760 1258 2797 dalla
1281 2760 1408 2809 copia,
1425 2773 1469 2797 se
1500 2766 1619 2797 tratta
1641 2761 1705 2797 dal
1734 2760 1903 2808 collegio

259 2821 472 2866 Pragense.
493 2820 536 2855 Io
554 2820 604 2855 ho
632 2819 770 2855 scritto
800 2820 836 2855 al
866 2820 1214 2856 Reverendissimo
1246 2821 1287 2857 S.
1307 2821 1601 2867 Labbaccense,
1620 2821 1692 2857 che
1710 2833 1827 2868 supra
1842 2819 1904 2857 cio

259 2880 497 2928 practicasse
514 2879 605 2915 colli
630 2879 712 2914 RR.
730 2879 806 2915 ΡΡ.
828 2879 867 2915 111
894 2880 1088 2926 Augusta,
1109 2881 1298 2916 talmente
1316 2882 1389 2916 che
1407 2893 1486 2917 non
1516 2881 1668 2927 dubito,
1695 2883 1731 2917 13
1757 2886 1903 2917 venuta

258 2940 298 2975 di
315 2941 398 2975 loro
415 2939 501 2976 sara
520 2939 616 2975 utile
635 2938 752 2975 etiam
769 2951 836 2985 per
855 2952 1086 2986 promouere
1101 2946 1141 2976 et
1171 2941 1406 2977 concludere
1441 2943 1475 2976 1⁸
1504 2947 1645 2988 questo
1663 2940 1820 2987 negotio
1839 2941 1902 2976 del

258 2999 427 3046 collegio
443 2999 483 3035 in
501 3000 640 3045 Praga.
660 3000 698 3033 2⁰
724 2998 772 3034 de
792 2999 998 3045 Ingolstat.
1019 2999 1058 3035 3⁰
1073 3000 1123 3036 de
1138 3001 1343 3047 Inspruck3
1364 3002 1507 3048 perche
1525 3002 1561 3037 la
1574 3012 1645 3037 sua
1674 3000 1836 3036 Maiesta
1850 3001 1898 3036 ha

255 3059 516 3097 determinato
532 3059 581 3094 de
599 3059 744 3094 lassare
775 3060 864 3105 quel
884 3070 986 3094 nouo
1006 3064 1046 3094 et
1075 3058 1292 3095 bellissimo
1309 3059 1477 3106 collegio
1500 3059 1550 3096 de
1576 3060 1767 3106 Inspruck
1790 3059 1894 3096 nelle

258 3118 361 3155 mani
379 3118 481 3155 della
499 3119 546 3155 R.
567 3118 615 3155 V.
634 3118 702 3153 P.»
721 3118 779 3153 Ex
798 3118 1158 3166 BRAUNSBERGER,
1179 3117 1338 3159 Canisii
1355 3119 1501 3167 Epist„
1522 3120 1553 3166 Ι,
1574 3127 1655 3165 521.
