2098 3548
757 283 998 324 EpisTOLAE
1022 283 1069 323 P.
1098 283 1250 323 NADAL
1742 293 1828 327 ..xxi

211 397 216 434 ἶ
238 388 491 447 ςΕρίεῒοΙειε
507 388 603 446 jam
631 388 752 436 alias,
770 386 890 445 typis
909 401 1127 441 excusas,
1158 386 1266 433 licet
1293 386 1384 430 sint
1418 387 1471 430 P.
1497 385 1646 430 Nadal
1672 387 1745 431 vel
1767 388 1825 431 ad

170 466 320 524 ipsum
341 467 492 521 datae,
515 467 668 515 denuo
689 465 764 514 hic
786 465 1071 512 recudendas
1091 463 1277 511 minime
1297 463 1447 511 visum
1468 470 1554 507 est.
1576 463 1826 520 Siquando

170 543 293 592 aliud
313 543 574 588 ‘faciendum
597 543 713 588 ratio
740 542 950 595 suaserit,
976 541 1023 586 id
1049 541 1187 588 etiam
1215 541 1395 599 proprio
1428 542 1528 585 loco
1550 540 1744 595 dicetur,
1780 550 1825 586 et

170 620 444 679 in-generali
472 620 815 678 catalogoillae
843 634 1001 664 omnes
1022 619 1303 674 inserentur,
1334 628 1454 676 opus
1477 618 1720 665 indicando
1747 620 1827 663 ubi·

169 699 317 748 editae
339 699 523 752 fuerint,
551 706 603 743 ut
626 698 758 743 facile
779 697 974 742 inveniri
992 704 1178 755 queant.
1639 742 1643 743 ⁷

224 778 631 835 ·>Unumquodque
651 778 979 824 documentum
996 776 1157 833 lingua
1174 776 1350 829 eadem,
1371 790 1462 832 qua
1482 774 1701 832 scriptum
1725 776 1825 820 fue-·

168 855 227 899 rit
242 856 300 905 ab
309 862 527 909 auctore,
548 861 842 913 proponetur.
864 854 914 900 Si
930 869 1041 899 vero
1059 861 1237 898 tantum
1253 853 1404 898 versio
1425 852 1547 897 illius
1563 853 1826 898 documenti

168 933 217 980 in
236 933 370 984 aliam
391 933 598 991 linguam
621 932 752 977 nobis
774 939 1002 990 suppetat,
1028 931 1150 979 illam
1172 931 1400 985 dabimus,
1426 931 1549 989 quod
1571 931 1755 988 quidem
1779 931 1826 975 in
1868 948 1870 950 ’

167 1011 549 1069 198311031111131111
570 1010 876 1068 descriptione
895 1009 1206 1057 annotabitur.

143 1113 145 1115 ·
197 1127 200 1129 Α
234 1089 390 1133 -Initio
419 1089 644 1148 cujusque
681 1088 899 1146 epistolae
927 1087 1224 1132 summarium
1252 1087 1480 1145 ponimus,
1517 1086 1595 1131 ubi
1622 1087 1823 1131 numeris

168 1167 495 1225 distinguimus
518 1166 642 1211 varia
663 1173 850 1224 puncta,
887 1180 1005 1223 quae
1026 1165 1074 1209 in
1101 1165 1179 1210 illa
1209 1172 1562 1223 pertractantur,
1595 1179 1686 1221 quo
1703 1164 1823 1218 ,faci-

167 1245 272 1300 lius,
297 1252 343 1289 et
365 1261 392 1288 a
412 1244 546 1294 nobis
569 1244 772 1302 allegari,
793 1251 839 1288 et
855 1259 882 1288 a
897 1243 1148 1290 lectoribus
1165 1242 1351 1301 reperiri
1374 1244 1571 1287 valeant.
1593 1244 1821 1300 Paragra-

167 1325 359 1380 phorum
397 1323 708 1381 separationes
743 1323 918 1379 (alinea
954 1328 1179 1366 vocantur
1207 1336 1234 1365 a
1265 1321 1511 1378 nonnullis)
1543 1320 1590 1364 in
1619 1320 1821 1378 epistolis

168 1400 321 1465 Patris
338 1402 485 1446 Nadal
505 1408 631 1446 recte
652 1402 921 1458 plerumque
948 1399 1240 1453 adhibentur,
1273 1414 1326 1444 ac
1355 1398 1547 1457 proinde
1575 1400 1661 1445 hac
1691 1398 1739 1442 in
1771 1413 1820 1442 re

166 1480 222 1522 ab
239 1478 349 1536 ipsis
366 1494 473 1523 mss.
497 1480 589 1523 fere
606 1493 698 1522 non
715 1477 993 1522 discedimus
1014 1478 1042 1521 ¹.
1065 1478 1292 1525 Numeros
1310 1484 1488 1522 tantum
1506 1483 1592 1521 nos
1608 1475 1819 1521 addimus

163 1556 356 1615 singulis
389 1555 702 1614 paragraphis,
736 1555 814 1613 qui
843 1555 1046 1603 numeris
1074 1555 1121 1599 in
1149 1554 1407 1600 summariis
1440 1554 1599 1612 positis
1627 1569 1818 1612 respon-

165 1635 319 1689 deant,
347 1642 398 1679 ut
419 1649 566 1692 nuper
592 1634 806 1682 diximus.
1127 1680 1129 1682 ,
1475 1679 1477 1681 ,

254 1711 514 1766 Caeterum,
541 1713 663 1770 quod
685 1713 743 1757 ad
765 1711 987 1756 rationem
1009 1678 1342 1759 transcribendi
1370 1726 1499 1765 mss„
1525 1718 1571 1756 et
1599 1726 1654 1756 ea
1675 1711 1817 1757 inter-

163 1790 399 1848 pungendi
421 1791 634 1848 pertinet,
659 1805 717 1834 en
745 1790 930 1847 regulas
957 1805 984 1833 a
1005 1788 1138 1833 nobis
1167 1790 1431 1843 servandas,
1463 1804 1520 1833 ex
1547 1788 1602 1833 iis
1634 1789 1817 1847 potissi-

164 1879 286 1912 mum
316 1869 602 1925 desumptas,
636 1883 749 1924 quas
784 1866 967 1916 'sibimet
995 1874 1261 1930 statuerunt,
1295 1867 1499 1911 historici
1536 1867 1742 1926 germani
1771 1867 1817 1911 in

162 1953 557 2000 conventu,·anno
586 1947 713 2004 1895,
738 1944 895 1990 habito
916 1946 953 1989 F
955 1944 1206 1994 rancofurti
1229 1946 1287 1993 ad
1316 1947 1532 1991 Moenum
1556 1946 1588 1989 ⁸.

240 2036 311 2076 31.·.
360 2026 666 2077 Documenta,
707 2030 843 2081 prout
871 2022 918 2066 in
947 2037 1055 2066 mss.
1070 2029 1262 2077 extant,
1294 2024 1471 2071 nullum
1493 2024 1702 2077 verbum,
1735 2039 1819 2068 nec

162 2101 298 2151 etiam
321 2101 519 2147 litteram
537 2108 804 2154 mutantes,
821 2100 1125 2151 communiter
1151 2100 1505 2147 exhibebimus.-

199 2204 216 2210 -‘
254 2192 295 2224 2.
362 2164 797 2237 Inter-punctionem,
824 2178 936 2222 ubi‘
924 2193 972 2222 1n
999 2193 1108 2227 11188.
1140 2178 1490 2232 desiderabitur,
1520 2194 1605 2223 nos
1632 2180 1818 2237 supple-

162 2255 328 2307 bimus
1007 2304 1010 2306 ,
1098 2303 1104 2306 ,
1574 2265 1579 2268 ’

198 2361 200 2363 »
227 2362 229 2364 v
255 2349 296 2391 3.
363 2337 765 2393 Pa'r-agraphorum‘
801 2303 1127 2392 separationes,
1170 2333 1247 2378 ubi
1285 2348 1401 2392 opus
1430 2334 1584 2388 fuerit,
1617 2334 1819 2381 numeris

163 2412 418 2467 distinctas,
444 2412 551 2458 licet
572 2413 619 2456 in
641 2428 763 2462 mss„
783 2411 1218 2470 praetermittantur,
1244 2427 1271 2456 a
1298 2411 1429 2456 nobis
1458 2411 1812 2456 adhibebuntur.

251 2503 295 2545 4.
362 2492 566 2544 Eerres,
592 2490 630 2535 si
653 2490 730 2547 qui
753 2490 989 2535 evidenter
1010 2488 1058 2533 in
1079 2488 1380 2547 originalibus
1397 2490 1811 2547 deprehendantur,

162 2570 249 2612 hac
270 2567 446 2613 ratione
467 2567 827 2622 emendabimus,
854 2574 905 2610 ut
926 2567 1069 2611 lector
1090 2566 1455 2619 emendationem
1478 2574 1695 2620 nostram,
1720 2566 1816 2610 sive

161 2645 209 2689 in
230 2645 540 2701 annotatione,
566 2645 662 2690 sive
684 2645 731 2689 in
755 2652 883 2690 textu
906 2644 1022 2703 ipso,
1048 2644 1179 2694 uncis
1195 2644 1428 2702 quadratis
1450 2644 1690 2699 inclusam,
1710 2659 1815 2702 per-

163 2722 340 2780 spicere
362 2723 520 2781 possit.
735 2771 737 2773 ,

257 2812 297 2857 5.
354 2801 509 2858 Siqua
523 2801 704 2857 verba
692 2817 741 2845 1n
761 2817 870 2846 mss.
897 2800 1229 2855 desiderentur,
1252 2815 1310 2846 eo
1333 2803 1456 2859 quod
1478 2768 1654 2847 charta
1662 2800 1816 2844 attrita

164 2879 316 2933 suerit,
341 2879 416 2923 vel
437 2879 526 2931 3113
543 2894 605 2931 3Χ
621 2892 782 2935 causa,
812 2880 1024 2923 lacunam
1050 2877 1369 2928 indicabimus
1384 2879 1515 2941 hisce
1533 2878 1815 2926 lineolis·—

238 3008 249 3028 ¹
267 2980 409 3050 Vide
422 2980 554 3064 tamen
574 2980 689 3053 infra,
708 2980 888 3061 regulam
903 3006 978 3047 sub
997 3018 1036 3042 11
1056 3005 1079 3041 3
1097 3001 1354 3054 positam.
1390 3000 1397 3010 '¹
1449 3002 1453 3004 “
1728 3040 1731 3044 ⁴

212 3067 263 3088 ²
278 3058 372 3101 ΕΧ
375 3066 608 3102 recensione
616 3058 826 3111 historica,
846 3057 910 3102 3111
929 3057 1089 3112 titulus,
1101 3063 1235 3103 Εὲυιιε
1252 3067 1320 3102 des
1344 3066 1548 3113 questions
1561 3054 1815 3111 historiques

163 3125 371 3161 trentieme
390 3128 529 3170 3111133,
549 3127 734 3162 nouvelle
752 3121 870 3172 serie,
878 3131 916 3162 'it
935 3134 991 3162 xv
1006 3126 1125 3170 (LIX
1129 3133 1148 3154 e
1167 3125 1268 3170 dela
1281 3125 1521 3172 collection),
1537 3135 1627 3172 pag.
1644 3132 1729 3170 277-
1717 3124 1814 3169 -278
