2040 3476
777 292 822 331 27
848 285 1049 332 JANUARn
1078 294 1091 321 1
1099 284 1168 332 562
1719 284 1792 330 619

144 384 284 443 luego
304 389 331 429 3
354 386 512 431 Α10313
534 401 625 431 con
646 388 717 432 los
734 401 824 444 que
845 388 968 433 lleuo
984 388 1042 434 de
1058 389 1132 433 alli
1150 404 1206 434 en
1225 403 1280 433 su
1297 390 1552 446 compania,
1572 387 1644 432 sin
1659 387 1766 434 dete
1780 411 1791 417 -

146 477 280 508 nerse
301 479 360 509 en
381 463 589 522 ninguna
609 472 739 522 parte
760 465 808 509 ni
829 480 934 510 casa
954 466 1012 511 de
1033 466 1077 510 la
1092 465 1227 510 dicha
1242 467 1511 524 Compafiia,
1531 480 1561 523 y
1576 465 1791 523 llegando

148 555 221 586 me
237 540 378 595 auise‚
399 531 574 599 porque
590 546 655 586 asi
672 543 853 600 cumple
869 558 978 600 para
993 544 1060 588 103
1077 544 1250 589 efectos
1267 558 1358 600 que
1367 545 1425 588 V.
1449 545 1501 587 P.
1523 543 1789 597 entendera,

149 632 238 674 que
259 618 418 664 siendo
438 618 494 663 de
517 620 578 664 tal
600 620 914 678 importancia,
939 622 1121 666 bastara
1148 622 1328 667 auerlos
1354 620 1491 665 dicho
1513 625 1539 665 a
1566 627 1689 666 estos
1716 635 1791 665 se-

147 701 281 740 riores
306 697 318 718 ¹
340 711 450 753 para
471 697 694 755 descargo
716 701 823 753 mio,
848 714 878 755 y
900 697 1057 743 vltima
1078 697 1324 756 diligencia
1345 713 1434 755 que
1451 714 1509 743 en
1531 704 1629 743 este
1644 713 1791 755 nego—

145 772 217 816 cio
238 772 397 830 pienso
418 776 570 819 hazer.
597 775 819 847 Tambien
840 777 1040 833 ayudara
1067 780 1094 820 a
1115 784 1214 822 esta
1243 776 1410 821 venida
1437 776 1495 820 de
1517 777 1575 821 V.
1602 778 1655 819 P.
1681 790 1792 820 auer

145 857 293 896 cartas
318 851 394 897 del
423 854 504 897 P.e
530 854 718 910 general
746 868 833 898 con
863 853 1120 899 resolucion
1146 855 1204 899 de
1233 855 1340 898 todo
1368 854 1413 897 lo
1440 868 1530 910 que
1557 868 1606 897 se
1633 853 1792 910 podria

144 928 327 974 dessear
348 945 406 974 en
427 937 663 988 respuesta
684 931 742 975 de
762 931 829 975 133
851 946 942 988 que
963 932 1021 975 V.
1050 933 1103 975 P.
1130 931 1341 985 escriuio‚
1367 931 1425 976 de
1447 945 1538 987 que
1557 945 1618 987 yo
1640 929 1791 986 quedo

144 1020 254 1063 muy
274 1014 491 1053 contento
512 1023 595 1066 por
615 1011 658 1054 el
679 1009 783 1054 bien
806 1025 897 1067 que
917 1010 1048 1056 desto
1069 1010 1290 1055 resultara
1310 1013 1338 1053 a
1358 1009 1402 1053 la
1429 1009 1697 1065 Compania.

236 1097 284 1129 2.
343 1087 386 1130 Y
407 1086 603 1132 auiendo
626 1089 683 1132 V.
712 1090 764 1132 Ρ.
792 1088 849 1132 de
877 1088 1028 1143 venir,
1059 1103 1132 1134 me
1159 1087 1388 1145 guardara
1415 1092 1514 1131 esta
1543 1092 1670 1129 carta
1697 1100 1727 1142 y
1748 1086 1792 1129 13

103 1194 105 1196 -
148 1177 237 1219 que
258 1177 346 1207 con
366 1164 409 1208 el
431 1166 513 1208 Re
540 1166 691 1210 Araoz
717 1166 761 1211 le
789 1165 955 1211 escriui
972 1167 1106 1211 sobre
1123 1165 1166 1211 el
1182 1163 1332 1209 medio
1349 1178 1440 1221 que
1456 1178 1506 1209 se
1522 1173 1609 1207 nos
1623 1163 1793 1208 ofrecia

146 1241 280 1286 sobre
301 1255 356 1285 su
377 1241 519 1286 salida
540 1243 598 1287 de
618 1243 687 1286 los
709 1257 891 1300 reynos,
915 1258 1025 1301 para
1045 1242 1268 1288 darmelas
1284 1242 1468 1299 quando
1485 1255 1569 1284 nos
1585 1255 1788 1294 veamos,

146 1321 175 1362 ὁ
196 1319 356 1363 melas
377 1320 526 1365 embie
547 1335 634 1364 con
663 1321 705 1366 el
733 1335 822 1377 que
850 1328 948 1366 esta
977 1324 1067 1366 mia
1093 1321 1285 1375 lleuare3
1315 1333 1508 1377 porque,
1539 1332 1723 1375 aunque
1750 1318 1793 1362 el

146 1402 326 1453 respeto
357 1397 415 1442 de
446 1397 489 1442 la
520 1398 772 1455 Compaffia
802 1414 876 1443 me
906 1400 1028 1456 haga
1064 1399 1266 1456 alargar,
1302 1412 1352 1443 es
1383 1396 1491 1442 bien
1529 1403 1659 1441 tener
1695 1401 1793 1441 este

148 1480 311 1520 recato.

237 1565 278 1608 3.
345 1554 499 1597 Torno
520 1557 547 1597 3
567 1553 693 1598 decir
714 1568 804 1610 que
826 1554 1050 1600 conviene
1066 1568 1172 1611 que,
1194 1553 1266 1598 sin
1287 1553 1522 1597 consultat
1538 1551 1585 1595 ni
1602 1550 1794 1609 replicar

145 1630 238 1674 alo
259 1644 349 1687 que
377 1630 572 1685 escriuo,
598 1633 656 1676 V.
683 1634 737 1676 P.
764 1631 938 1678 viniese
964 1647 1096 1676 como
1123 1631 1274 1676 arriba
1301 1631 1424 1688 digo.
1456 1632 1498 1675 Y
1530 1644 1618 1674 con
1646 1635 1790 1683 tanto,

146 1708 288 1752 acabo
320 1709 527 1766 rogando
559 1712 587 1753 a
616 1716 804 1755 nuestro
836 1711 984 1756 Sefior
1014 1710 1191 1768 guarde
1221 1723 1277 1754 su
1314 1723 1424 1766 muy
1456 1707 1568 1753 R.da
1598 1721 1794 1765 persona

147 1800 280 1830 como
307 1786 486 1832 desseo.

163 1888 173 1890 v
235 1865 308 1910 De
330 1863 524 1918 Madrid‚
549 1879 576 1909 3
597 1864 719 1922 xxvij
743 1865 802 1910 de
830 1866 980 1910 Enero
1005 1865 1171 1924 [1562].

830 1941 1049 1989 Seruidor
1069 1942 1127 1988 de
1148 1943 1206 1987 V.
1233 1944 1309 1996 Ρ.,

989 2021 1263 2065 RUYGoMEz
1284 2034 1349 2065 DE
1370 2020 1550 2064 SYLUA.

234 2098 309 2141 Ad
330 2099 495 2142 calcem
516 2098 740 2156 epistolae,
763 2099 858 2155 ipse
880 2098 1102 2142 Ximenez
1122 2098 1232 2142 haec
1258 2112 1403 2141 manu
1418 2098 1617 2155 propria
1644 2111 1791 2140 anno—

146 2176 278 2220 tavit:
300 2177 366 2221 La
385 2177 533 2221 hecha
554 2177 612 2221 de
632 2176 700 2220 133
722 2182 871 2220 cartas
893 2176 968 2221 del
986 2176 1176 2235 general
1196 2191 1283 2221 son
1310 2176 1370 2222 de
1398 2177 1565 2229 Enero,
1590 2189 1681 2231 que
1709 2189 1791 2218 son

144 2255 277 2298 harto
299 2254 486 2300 frescas.

233 2332 292 2375 In
324 2335 492 2388 quarta
516 2333 702 2390 pagina
732 2333 828 2376 alia
864 2346 1025 2376 manu:
1062 2332 1170 2388 1561
1212 2332 1246 2376 ³.
1284 2331 1479 2386 Madrid,
1518 2330 1619 2376 sine
1651 2343 1787 2374 anno.

145 2411 291 2467 Sopra
313 2425 374 2453 vn
394 2420 532 2467 neg.0
557 2425 639 2468 per
660 2409 692 2453 il
713 2409 910 2468 collegio
931 2409 976 2453 d’
1001 2410 1178 2454 Alcala.

219 2525 230 2546 ¹
279 2523 429 2570 Regius
446 2529 621 2560 senatus.
643 2523 742 2559 «Hic
760 2522 1043 2571 [Methymnae]
1061 2523 1196 2571 accepi
1214 2523 1348 2560 literas
1366 2535 1388 2559 a
1404 2522 1599 2558 Roderico
1616 2526 1657 2557 et
1670 2520 1792 2556 Arao-

144 2583 222 2630 zio,
235 2584 378 2631 quibus
391 2588 646 2631 properanter
658 2584 872 2619 reuocabar
885 2594 907 2618 a
924 2582 1164 2619 visitatione:
1184 2588 1364 2621 senatum
1381 2582 1534 2629 regium
1552 2592 1670 2627 aegre
1687 2579 1791 2616 ferre

143 2647 187 2679 vt
204 2643 353 2680 tamdiu
369 2644 572 2680 haererem
590 2643 631 2679 in
649 2643 853 2691 Hispania,
871 2655 989 2691 quem
1006 2643 1221 2680 credebant
1238 2643 1315 2680 iarn
1332 2642 1497 2690 abijsse:
1517 2654 1562 2678 se
1578 2652 1658 2677 non
1674 2651 1792 2688 posse

141 2703 296 2750 longius
314 2702 574 2739 intercedere:
594 2704 736 2739 saltem
753 2702 937 2739 celeriter
954 2703 1208 2750 Complutum
1225 2703 1409 2739 redirem.

212 2763 319 2799 Nihil
337 2763 413 2799 fuit
430 2763 525 2799 mihi
542 2774 702 2800 nouum:
723 2763 845 2800 statui
862 2762 1006 2809 redire,
1024 2774 1075 2799 ne
1093 2774 1162 2800 eos
1180 2762 1422 2799 offenderem
1442 2767 1481 2798 et
1505 2759 1750 2797 discederem
1769 2771 1790 2794 a

142 2822 423 2867 moderatione,
442 2835 558 2871 quam
576 2823 684 2871 prius
702 2823 814 2871 sequi
834 2823 1096 2868 institueram3
1116 2828 1157 2859 et
1174 2827 1307 2860 tamen
1325 2823 1433 2859 volui
1450 2821 1613 2858 biduum
1626 2819 1720 2856 dare
1734 2819 1790 2855 vi-

141 2882 316 2918 sitationi
332 2882 490 2930 colleg-ij
509 2882 811 2920 vallisoletani.»
831 2883 994 2919 Natalis
1011 2884 1225 2931 ephemer„
1245 2883 1286 2919 ff.
1309 2883 1376 2919 182
1394 2895 1434 2928 v,
1458 2880 1538 2918 183.

213 2945 227 2965 ²
278 2942 359 2988 Sic;
385 2955 458 2979 nec
483 2944 638 2991 mirum,
664 2956 754 2980 nam
778 2944 872 2980 licet
893 2944 991 2979 haec
1015 2943 1182 2990 epistola
1206 2943 1256 2979 ad
1280 2955 1424 2979 annum
1458 2941 1548 2987 1562
1578 2940 1788 2988 pertineat,

142 3007 275 3038 tamen
292 3003 333 3039 in
349 3004 489 3040 eodem
506 3003 695 3041 fasciculo
712 3016 802 3040 cum
820 3003 940 3039 variis
958 3003 1136 3051 epistolis
1153 3004 1245 3040 anni
1263 3002 1537 3051 praecedentis
1550 3005 1789 3047 asservatur,

141 3075 241 3110 quae
259 3063 308 3099 de
326 3064 464 3100 eodem
483 3065 642 3111 negotio
660 3069 796 3111 agunt3
817 3064 983 3111 ideoque
1001 3063 1129 3111 posita
1146 3068 1208 3100 est
1225 3064 1328 3102 inter
1345 3063 1496 3102 litteras
1513 3061 1605 3099 anni
1626 3060 1731 3109 1561,
1746 3065 1791 3100 ut

143 3122 278 3162 videre
296 3129 358 3164 est
375 3136 493 3176 supra
510 3124 550 3165 in
567 3124 831 3177 descriptione
849 3124 966 3176 hujus
983 3124 1188 3176 epistolae.
