2028 3484
290 293 360 351 27‘4
859 305 997 341 EPIST.
1026 304 1070 339 P.
1098 303 1361 351 NADAL—69

287 409 359 451 ch’
384 407 510 464 ef‘piu
531 407 575 449 d’
600 407 679 449 vn’
704 421 838 460 anno,
864 407 925 450 mi
948 420 1134 451 occorre
1158 406 1256 449 farli
1277 405 1514 452 intendere
1544 422 1623 464 per
1653 422 1737 452 sua
1765 422 1928 454 conso-

283 484 455 530 latione
477 498 606 528 come
628 483 777 539 questi
800 484 901 528 Rdi.
930 483 1065 528 Padri
1087 482 1133 525 di
1156 484 1254 528 Sto.
1281 483 1442 528 Nicolo
1465 499 1544 541 per
1566 485 1714 542 gratia
1730 486 1804 531 del
1821 486 1926 543 Spi-

286 550 544 607 ritu'Santo
567 563 720 605 hanno
742 562 930 615 andato,
962 568 1007 606 et
1036 561 1145 618 ogni
1174 561 1336 618 giorno
1358 576 1510 606 vanno
1531 562 1577 605 di
1603 563 1722 608 bene
1749 563 1797 606 in
1827 578 1925 609 me-

283 639 399 696 glio,
432 640 648 683 talmente
676 640 761 684 che
789 638 1016 684 mediante
1050 639 1147 682 loro
1174 638 1370 683 sermoni
1398 639 1538 695 dotti,
1561 640 1849 697 documenti,
1879 648 1924 687 et

283 715 476 773 exempli
498 715 543 758 in
567 723 729 772 questa
750 715 875 771 citta,
906 714 1156 772 per‘gratia
1177 716 1234 760 de
1256 716 1344 760 Dio
1366 717 1391 760 ὲ
1413 716 1594 761 redutta
1615 717 1662 760 in
1685 718 1747 762 tal
1769 718 1924 780 termi—

283 809 357 848 no,
379 795 464 838 che
485 808 578 837 non
601 793 644 838 fa
665 794 780 855 altro
802 795 887 839 che
903 793 1105 847 laudare,
1126 793 1412 847 benedicere,
1433 801 1479 839 et
1495 795 1787 852 magnificare
1804 795 1924 839 l’.in-

284 871 413 915 finita
434 872 575 915 bonta
596 877 642 916 et
663 871 904 916 clementia
924 870 970 914 di
986 872 1098 929 Jesu
1120 871 1319 915 Christo.

375 962 415 1005 3.
483 949 541 992 Et
569 949 782 993 hauendo
811 962 1025 993 successo
1052 949 1096 992 13
1126 956 1273 994 morte
1299 949 1357 994 de
1384 950 1414 992 l'
1445 951 1687 996 abbatessa
1714 951 1802 997 del'
1834 952 1926 996 As·-

285 1018 624 1083 s'ensionesper
644 1040 783 1083 opera
813 1026 886 1071 del
915 1025 1088 1083 Spiritu
1117 1027 1260 1071 Santo
1289 1026 1319 1069 li
1340 1027 1454 1072 detti
1482 1027 1583 1071 Rdi.
1613 1028 1746 1072 Padri
1773 1030 1926 1073 hanno

281 1103 533 1149 hedificato
547 1115 638 1147 vno
659 1117 786 1147 nouo
809 1103 1072 1149 monisterio
1089 1103 1134 1147 di
1151 1104 1292 1147 donni
1309 1102 1404 1163 [sic]
1422 1104 1589 1162 virgini
1605 1104 1652 1149 in
1668 1120 1760 1150 vna
1775 1106 1925 1151 eccle-

282 1182 349 1225 sia
364 1181 424 1224 di·
438 1196 519 1226 san
543 1180 747 1235 Micheli,
773 1181 998 1227 existente
1017 1181 1063 1224 in
1085 1182 1128 1225 13
1149 1188 1290 1226 strata
1311 1182 1384 1227 del
1405 1182 1679 1228 monasterio
1701 1190 1857 1228 nostro
1878 1184 1924 1227 di

283 1258 425 1303 monti
445 1258 636 1316 virgini,
662 1273 847 1315 apresso
869 1258 899 1302 il
927 1258 1190 1304 monisterio
1217 1258 1263 1302 di
1293 1260 1390 1305 Sta.
1422 1259 1565 1304 Maria
1592 1261 1636 1305 la
1662 1261 1817 1315 Scala,
1848 1262 1923 1307 nel

281 1413 503 1470 spirituali
525 1414 569 1457 13
590 1428 746 1471 mayor
768 1421 895 1471 parte
917 1413 962 1457 di
985 1414 1122 1470 quelli
1144 1413 1189 1457 di
1210 1413 1323 1459 detti
1346 1413 1447 1458 Rdi.
1470 1414 1621 1468 Padri,
1647 1414 1678 1457 il
1696 1416 1802 1471 qual
1823 1430 1922 1460 mo-

281 1490 470 1536 nisterio
494 1492 519 1535 e
540 1491 770 1535 intitulato
793 1491 824 1534 il
844 1489 1119 1536 monasterio
1141 1490 1186 1534 di
1214 1492 1307 1536 San
1336 1491 1542 1546 Micheli,
1573 1499 1619 1536 et
1642 1492 1684 1536 al
1710 1499 1922 1549 presente

283 1575 355 1612 sta
388 1582 475 1612 con
503 1568 534 1611 li
561 1569 669 1612 boni
703 1568 965 1614 documenti
999 1575 1046 1614 et
1079 1568 1276 1613 sermoni
1309 1569 1383 1614 del
1418 1569 1532 1613 Rdo.
1567 1571 1620 1613 P.
1653 1571 1715 1614 M.
1748 1570 1923 1615 Antoni

281 1645 448 1700 Vinck;
470 1652 515 1691 et
532 1646 569 1690 si
586 1661 718 1703 spera
734 1645 782 1690 in
798 1646 888 1690 Dio
906 1652 1062 1689 nostro
1079 1645 1275 1703 Signore
1288 1661 1368 1703 per
1386 1645 1522 1702 quelli
1540 1646 1579 1690 si
1595 1646 1714 1691 farra
1731 1647 1793 1690 tal
1808 1646 1919 1701 vita,

279 1725 364 1768 che
380 1725 492 1782 Jesu
515 1723 698 1769 Christo
720 1725 843 1769 serra
865 1723 1052 1777 seruito3
1078 1729 1124 1768 et
1140 1724 1312 1768 hauera
1327 1723 1385 1768 de
1401 1723 1578 1768 rendita
1594 1724 1741 1768 conlo
1765 1724 1921 1770 fauore

277 1800 323 1844 di
345 1802 441 1846 Sua
463 1802 628 1855 Ex.cia‚
654 1816 735 1858 per
756 1815 847 1844 vna
870 1799 1160 1858 pretensione
1187 1801 1273 1845 che
1301 1807 1427 1856 tene,
1460 1800 1567 1844 forsi
1589 1800 1647 1845 da
1675 1801 1792 1845 scuti
1821 1801 1919 1846 cin-

278 1885 505 1936 quecento
527 1893 608 1935 per
635 1893 771 1923 anno.

367 1970 411 2012 4.
478 1957 662 2000 Ancora
677 1955 709 1999 li
726 1955 839 2000 detti
857 1954 958 1999 Rdi.
982 1955 1133 2009 Padri,
1155 1962 1200 2000 et
1216 1954 1538 2012 specialmente
1553 1955 1585 1999 il
1602 1957 1717 2000 Rdo.
1741 1958 1793 2000 P.
1813 1958 1918 2001 Don

277 2018 558 2094 Hieronymo
574 2033 844 2078 Dominiche
864 2034 894 2087 ¹,
914 2035 1066 2078 hanno
1084 2033 1199 2077 fatto
1216 2033 1262 2077 di
1279 2033 1379 2077 altri
1396 2033 1517 2077 lochi
1532 2033 1579 2077 in
1596 2040 1759 2090 questo
1774 2048 1919 2092 regno

276 2113 321 2157 di
344 2127 509 2169 quessa
532 2119 684 2156 vostra
705 2125 834 2155 sacra
855 2110 1093 2168 rellijione,
1114 2126 1168 2155 zo
1185 2111 1226 2165 ὲ,
1247 2125 1337 2155 vno
1359 2111 1406 2154 in
1428 2111 1667 2165 Cathania,
1693 2119 1739 2157 et
1760 2126 1851 2156 vno
1871 2111 1918 2155 in

276 2190 510 2244 Siracusa‚
558 2205 638 2247 per
675 2188 753 2246 piu
790 2189 999 2233 laudarse
1041 2194 1087 2233 et
1123 2187 1442 2245 magnificarse
1484 2188 1515 2231 il
1558 2203 1693 2233 nomo
1726 2188 1772 2232 di
1805 2190 1917 2247 Jesu

277 2267 475 2312 Christo.

365 2349 407 2401 5.
473 2345 642 2390 Hanno
663 2357 829 2388 ancora
851 2343 972 2400 priso
994 2350 1040 2389 et
1064 2344 1176 2386 fatto
1197 2358 1287 2387 vna
1315 2357 1419 2388 casa
1446 2343 1493 2387 d’
1521 2343 1848 2401 approbatione
1869 2343 1915 2387 di

274 2421 415 2466 donni
451 2421 716 2475 conuertsti,
756 2427 802 2466 et
839 2421 976 2477 quelli
1014 2421 1127 2465 fatto
1164 2421 1423 2478 gubernare
1459 2421 1517 2465 da
1558 2421 1685 2465 molti
1722 2420 1914 2465 confrati

269 2500 428 2558 figlioli
450 2498 671 2557 spirituali
687 2499 745 2543 de
766 2498 797 2541 11
819 2497 932 2543 detti
956 2497 1059 2542 Rdi.
1083 2497 1234 2551 Padri,
1255 2497 1285 2541 li
1303 2497 1425 2554 quali
1441 2498 1472 2541 l’
1490 2499 1642 2542 hanno
1659 2498 1772 2542 fatto
1788 2504 1912 2543 certa

269 2577 516 2622 elemosina
532 2561 787 2619 voluntaria
805 2576 982 2629 annale;
1003 2581 1049 2620 et
1065 2589 1151 2618 con
1169 2574 1307 2631 quelli
1324 2576 1410 2619 che
1426 2573 1539 2620 detti
1558 2575 1694 2619 Padri
1710 2576 1740 2618 l’
1759 2577 1912 2619 hanno

269 2656 382 2698 fatto
403 2655 512 2699 dare
539 2649 614 2698 del
640 2652 910 2710 patrimonio
932 2653 990 2698 de
1018 2658 1180 2707 questa
1209 2651 1318 2695 citta
1346 2659 1392 2697 et
1420 2652 1478 2695 da
1505 2653 1601 2696 Sua
1629 2650 1793 2706 Ex.cia,
1829 2654 1912 2697 ha-

269 2734 379 2777 uera
399 2732 456 2776 da
479 2731 598 2775 circa
614 2729 732 2774 scuti
755 2741 842 2773 200
863 2745 945 2787 per
965 2744 1107 2782 anno,
1133 2736 1179 2774 et
1207 2743 1294 2773 con
1322 2728 1459 2785 quelli
1490 2731 1528 2773 s’
1559 2731 1710 2773 hanno
1739 2730 1911 2787 guber—

269 2817 377 2853 nato
401 2816 447 2854 et
468 2810 737 2866 gubernano
760 2821 846 2850 con
869 2808 988 2850 bona
1010 2813 1056 2851 et
1078 2805 1247 2863 optima
1268 2805 1522 2863 diligentia,
1549 2813 1594 2851 et
1616 2806 1663 2850 ui
1680 2821 1735 2850 su
1757 2805 1909 2851 andati

267 2886 343 2930 doi
371 2902 397 2930 a
426 2884 708 2943 perpetuarsi
735 2884 777 2928 al
803 2883 1079 2929 monasterio
1098 2881 1165 2928 vde
1192 2883 1223 2926 li
1252 2883 1391 2927 donni
1425 2883 1668 2928 conuertiti
1695 2883 1912 2928 hedifiato

267 2971 387 3007 sotto
418 2979 499 3008 san
533 2956 694 3015 Basili,
729 2961 759 3004 li
791 2961 913 3017 quali
946 2975 1090 3004 sonno
1122 2960 1279 3004 nexuti
1311 2960 1357 3004 di
1395 2961 1521 3005 detta
1558 2975 1663 3005 casa
1695 2975 1782 3004 con
1813 2961 1909 3005 lore

340 3136 350 3156 ¹
403 3132 482 3179 Sic,
502 3143 570 3179 pro
589 3129 826 3166 Domenech.
