2098 3548
315 282 401 315 xxx
930 276 1120 317 ‘No‘r‘rrm
1147 287 1336 317 comctJM

369 374 377 382 ’
404 375 622 426 Continet
649 382 817 426 multos
849 382 1030 427 codices
1062 384 1355 441 archetypos,
1388 381 1702 440 frequentibus
1738 382 1886 427 Nadal
1914 390 1960 427 et

313 459 500 504 Polanci
527 459 920 504 emendationibus
947 460 1211 518 castigatos,
1241 460 1288 504 in
1317 460 1483 518 quibus
1511 466 1668 504 extant
1695 459 1960 505 instructio—

312 552 394 581 nes
415 553 440 582 a
464 539 602 582 Patre
622 538 769 583 Nadal
791 538 837 581 in
858 553 939 582 sua
962 538 1222 583 visitatione
1238 539 1368 582 datas
1385 537 1590 595 collegiis
1606 537 1835 596 Dilingae,
1856 537 1958 583 Mo·

310 614 476 670 nachii,
501 616 760 673 Augustae,
787 616 1069 673 Ingolstadii,
1096 616 1372 673 Herbipolis,
1399 615 1688 673 Moguntiae,
1720 616 1957 660 Vindobo-
1985 622 1987 624 '

310 707 411 748 nae,
436 692 669 746 Coloniae,
691 693 904 746 Treviris,
929 693 1163 747 Dionanti,
1188 692 1394 746 Lovanii,
1420 700 1466 737 et
1483 693 1694 737 Tornaci.
1715 694 1958 738 Accedunt

308 771 439 828 plura
460 770 631 814 monita
647 777 693 814 et
713 771 987 815 documenta
1004 770 1248 828 provinciis
1265 770 1555 826 Germaniae,
1576 768 1741 828 Belgii,
1761 771 1954 825 Galliae,

307 862 556 905 earumque
578 848 946 906 provincialibus,
978 856 1023 892 et
1051 848 1320 903 rectoribus,
1360 849 1457 893 sive
1478 863 1560 906 pro
1587 850 1708 893 bono
1733 848 1958 906 regimine
1982 879 1984 881 ·

308 925 673 980 universitatum,
698 926 991 970 convictuum
1016 934 1061 971 et
1083 927 1340 970 scholarum
1357 926 1465 984 ipsis
1481 926 1840 980 commissarum,
1860 925 1957 970 sive

308 1018 389 1060 pro
411 1002 573 1060 spiritu
595 1004 839 1049 Societatis
855 1004 902 1047 in
919 1003 1114 1048 subditis
1133 1005 1345 1058 fovendo,
1367 1004 1463 1049 sive
1480 1019 1562 1062 pro
1578 1003 1813 1049 catholicis
1830 1003 1956 1061 prin-

307 1081 499 1138 cipibus,
525 1081 715 1137 aliisque
736 1081 783 1124 in
806 1081 892 1125 illis
915 1081 1183 1138 regionibus
1199 1082 1432 1139 juvandis.
1461 1084 1649 1126 Praeter
1669 1083 1781 1126 haec
1805 1081 1954 1125 Patris

308 1153 454 1202 Nadal
474 1158 766 1212 documenta,
793 1166 949 1203 extant
970 1158 1017 1202 in
1040 1161 1126 1203 hoc
1148 1159 1308 1204 codice
1323 1161 1455 1217 plura
1476 1174 1694 1217 responsa
1715 1166 1761 1203 et
1783 1157 1954 1203 instru-
1987 1199 1990 1204 .

306 1235 483 1280 ctiones
504 1239 556 1280 P.
583 1236 816 1280 Laurentii
847 1236 1003 1293 Magii,
1030 1236 1321 1293 provincialis
1344 1236 1561 1282 Austriae
1581 1237 1718 1281 variis
1749 1236 1953 1294 collegitis

307 1314 504 1358 relictae.
531 1316 720 1358 Praeter
742 1315 888 1358 Nadal
911 1322 957 1358 et
981 1315 1172 1359 Polanci
1194 1317 1496 1373 autographa,
1522 1322 1774 1360 cernuntur
1795 1314 1842 1358 in
1862 1315 1954 1358 hoc

308 1391 466 1436 codice
487 1392 617 1449 plura
638 1391 876 1448 utriusque
897 1392 1084 1446 Canisii,
1111 1392 1410 1449 aliorumque.

396 1469 485 1513 Hic
507 1470 652 1513 codex
674 1469 737 1513 ita
759 1469 1049 1515 indicabitur:
1078 1471 1236 1515 Natal.
1262 1472 1400 1515 inslr.
1433 1472 1590 1516 Germ.

1009 1590 1193 1630 Codex
1215 1589 1255 1630 ἵ

396 1702 577 1747 Titulus
614 1718 640 1747 a
683 1711 812 1761 tergo
839 1703 962 1747 libri:
1007 1705 1196 1748 «HIER.
1238 1705 1511 1750 NATALIS
1539 1703 1546 1763 Ι
1573 1705 1899 1750 INSTRUCT.
1947 1705 1952 1764 Ι

307 1781 441 1825 MSS.
454 1782 620 1824 ›>—-Est
635 1782 848 1825 volumen
866 1781 912 1824 in
929 1785 1009 1836 4⁰,
1028 1782 1145 1825 bene
1162 1789 1466 1839 compactum,
1487 1789 1533 1826 et
1548 1782 1594 1825 in
1611 1782 1779 1827 selecta
1793 1784 1949 1827 charta

305 1858 446 1903 nitide
474 1867 724 1912 exaratum,
766 1871 852 1915 234
888 1861 935 1902 ff.
977 1867 1207 1904 constans.
1240 1859 1444 1904 Primum
1472 1861 1551 1904 fol.
1586 1862 1708 1904 hunc
1733 1861 1871 1905 habet
1902 1860 1948 1904 in

311 1938 369 1979 1.⁸
391 1951 495 1993 pag.
534 1936 716 1980 titulum
738 1936 1005 1993 inscriptum
1032 1952 1170 1981 manu
1198 1937 1341 1995 ipsius
1380 1939 1433 1982 P.
1470 1939 1639 1983 Nadal:
1683 1939 1949 1996 «Exemplar

305 2014 655 2058 instructionum
699 2014 1201 2059 inemendatum.»-In
1243 2030 1421 2060 summa
1455 2030 1591 2073 pag.,
1630 2031 1769 2060 manu
1805 2015 1948 2073 ipsius

304 2092 469 2136 Nadal:
487 2090 805 2136 ‘«instructio.s
825 2093 960 2135 »—In
988 2092 1211 2150 margine,
1241 2093 1328 2137 alia
1355 2107 1494 2137 manu
1522 2093 1669 2150 ignoti
1691 2094 1944 2151 cujusdam:

308 2171 388 2214 «P.
420 2168 821 2213 Natalis›>—-Alius
851 2170 1012 2214 titulus
1040 2170 1087 2213 in
1115 2170 1263 2215 media
1290 2186 1422 2228 pag:
1459 2171 1650 2216 «Variae
1679 2171 1947 2215 Instructio-

303 2261 385 2291 nes
411 2246 418 2305 Ι
446 2254 491 2291 et
513 2248 718 2304 Regulae
740 2261 820 2303 pro
841 2246 977 2291 variis
1001 2248 1165 2292 officiis
1187 2248 1431 2293 Societatis
1458 2248 1464 2308 Ι
1492 2265 1519 2293 a
1543 2251 1595 2293 P.
1621 2249 1772 2294 Natali
1798 2249 1805 2308 Ι
1833 2262 1946 2292 con-

305 2326 494 2369 fectae.»
523 2324 611 2368 Hic
641 2323 800 2368 titulus
828 2339 920 2368 non
956 2340 983 2368 a
1020 2326 1167 2370 Nadal
1198 2326 1410 2383 scriptus,
1444 2326 1563 2370 sicut
1599 2340 1684 2371 nec
1715 2326 1877 2371 tertius
1899 2326 1945 2369 in

303 2402 460 2446 eadem
481 2401 664 2459 pagina,
691 2415 775 2444 sc.:
806 2403 1102 2446 «Instrue.nes
1126 2409 1171 2447 et
1192 2405 1297 2447 offla
1317 2405 1605 2448 »—-Tandem
1622 2411 1811 2460 quartus
1832 2403 1944 2447 titu—

302 2481 374 2524 lus
397 2479 578 2523 additus
600 2479 718 2523 inter
746 2491 854 2522 1‚um
884 2487 931 2524 et
953 2492 1090 2536 2.um,
1115 2481 1311 2538 quinon
1331 2482 1389 2525 ad
1407 2488 1552 2525 totum
1568 2482 1733 2525 librum
1750 2488 1952 2538 spectat„

304 2559 383 2602 sed
412 2565 589 2602 tantum
627 2557 684 2600 ad
713 2567 817 2599 Lam
847 2565 1020 2613 partem
1057 2558 1222 2616 ipsius,
1253 2573 1337 2603 sc.:
1382 2559 1651 2603 «Instructio
1688 2559 1943 2616 provincia—

302 2635 457 2680 lium.»

324 2746 328 2749 «
393 2716 462 2757 En
488 2713 684 2758 indicem
712 2704 863 2760 rerum
891 2716 937 2759 in
960 2717 1047 2759 hoc
1068 2716 1160 2760 vol.
1187 2715 1455 2773 scriptarum
1481 2730 1507 2759 a
1535 2727 1551 2758 1
1580 2715 1656 2758 fol.
1683 2715 1740 2758 ad
1763 2727 1843 2770 231
1872 2715 1943 2758 in-

304 2791 491 2836 clusive:
542 2825 544 2827 ψ

392 2870 694 2915 —Instructio
716 2871 1075 2928 provincialium.
1101 2872 1198 2916 Fol.
1231 2871 1677 2925 1-21.-—Instructio,
1703 2875 1820 2927 quae
1840 2870 1944 2915 data

302 2946 387 2992 fuit
408 2948 717 2992 commissario
738 2948 1005 3003 Galliarum,
1032 2963 1149 3006 quae
1169 2948 1336 3006 poterit
1362 2948 1459 2992 aliis
1482 2948 1826 3001 accommodari,
1851 2962 1942 2991 non

302 3026 451 3069 solum
499 3025 817 3069 commissariis
860 3025 940 3069 sed
981 3026 1335 3083 provincialibus
1376 3026 1528 3070 etiam.
1573 3026 1610 3069 F
1613 3025 1674 3069 ol.
1721 3037 1941 3080 24-31.—

301 3102 544 3147 Instructio
572 3102 740 3156 breuiS,
772 3117 967 3159 quanam
995 3103 1166 3148 scilicet
1194 3103 1368 3149 ratione
1404 3103 1462 3148 de
1497 3103 1634 3148 rebus
1671 3101 1940 3159 theologicis
