2028 3484
273 278 342 325 298
847 281 984 318 Emsr.
1012 280 1056 316 P.
1084 277 1346 325 NADAL—76

273 395 365 425 non
386 395 529 438 penso
550 389 644 426 star
665 383 744 440 pisi
764 384 809 427 d'
836 391 934 428 otto
956 382 1121 441 giorni,
1147 389 1192 428 et
1214 397 1287 427 me
1304 398 1362 427 ne
1378 382 1511 427 verro
1528 389 1699 439 quanto
1714 381 1794 439 pisi
1810 397 1911 439 pre-

271 465 343 502 sto
364 460 495 516 potro
518 460 605 504 alla
626 461 751 506 uolta
772 461 817 505 di
839 463 999 514 Roma,
1020 476 1070 506 se
1091 475 1184 504 non
1199 460 1262 504 mi
1278 460 1547 504 commanda
1562 459 1678 504 altro
1692 460 1737 503 13
1754 461 1807 503 P.
1829 461 1908 513 V.,

271 550 352 592 per
372 543 501 593 poter
523 544 682 582 trattar
703 538 809 584 delli
830 539 1004 596 negotij
1028 538 1074 581 di
1101 537 1348 583 Germania
1376 545 1422 583 et
1449 537 1495 581 di
1524 544 1686 594 questo
1715 536 1910 594 collegio

271 614 427 658 auanti
449 616 534 660 che
556 622 685 672 parta
706 616 737 660 il
759 616 988 662 cardinale
1010 615 1056 659 di
1079 617 1310 673 Augusta.

362 704 403 735 2.
470 693 648 749 Questa
682 708 820 751 opera
857 694 902 737 di
938 692 1125 750 Dilinga
1155 693 1230 738 del
1261 692 1491 738 cardinale
1521 692 1567 736 di
1599 693 1815 749 Augusta
1850 693 1910 736 ha

272 769 399 812 molti
420 770 561 813 buoni
582 770 790 828 principi,
816 778 862 817 et
883 770 1293 816 necessariamente
1313 771 1373 814 ha
1393 769 1588 827 bisogno
1608 769 1655 812 di
1671 783 1794 814 esser
1811 767 1909 812 aiu-

273 852 382 899 tata,
401 853 454 892 -et
474 846 518 891 io
539 847 748 894 desidero
769 848 836 893 sia
857 863 937 905 per
959 862 1115 893 mezzo
1136 848 1254 893 della
1277 846 1577 904 Compagnia,
1608 846 1913 892 essendosene

273 923 338 967 ito
361 923 392 967 il
412 925 677 971 confessore
703 927 732 980 ¹,
758 934 820 980 et5
846 927 1046 971 secondo
1069 925 1275 980 intendo,
1300 939 1394 969 non
1416 924 1462 968 ui
1483 926 1654 969 hauera
1681 923 1727 967 di
1755 930 1913 967 torna-

273 1016 337 1046 re.
363 1002 508 1047 Molte
529 1003 642 1048 altre
664 1018 769 1049 cose
791 1002 1048 1061 particolari
1070 1017 1334 1056 occorrono,
1359 1002 1398 1046 si
1413 1002 1460 1045 di
1477 1002 1583 1058 quel
1600 1003 1685 1046 che
1702 1015 1792 1058 qua
1808 1015 1913 1058 pas-

273 1094 339 1135 sa,
365 1093 494 1124 come
514 1079 560 1123 di
582 1088 743 1137 questa
766 1074 1028 1126 fondatione
1049 1087 1095 1126 et
1116 1081 1191 1125 del
1212 1079 1409 1137 collegio
1431 1079 1477 1123 di
1500 1081 1731 1137 Augusta,
1762 1085 1808 1124 et
1830 1079 1912 1124 de-

273 1157 338 1214 gli
360 1157 461 1201 altri
484 1158 625 1203 mezzi
647 1174 727 1215 per
749 1159 895 1203 aiutar
917 1165 1079 1215 questa
1107 1158 1282 1216 grande
1310 1165 1356 1203 et
1383 1157 1611 1203 miserima
1638 1155 1838 1210 natione,
1869 1156 1912 1201 le

273 1234 408 1290 quale
429 1249 535 1280 cose
556 1250 648 1279 non
670 1236 708 1280 si
729 1252 931 1294 possono
954 1236 1352 1280 raccommandare
1373 1235 1460 1279 alla
1482 1249 1646 1291 penna.
1678 1234 1713 1277 Il
1740 1233 1910 1290 Signor

275 1314 377 1357 sara
397 1327 485 1356 con
506 1313 582 1357 noi
605 1313 721 1358 altri.
748 1302 785 1358 'E
807 1315 850 1358 13
878 1313 1087 1371 maggior
1115 1313 1428 1370 compassione
1454 1313 1529 1357 del
1555 1311 1722 1363 mondo
1750 1317 1796 1356 et
1824 1311 1911 1355 che

274 1405 366 1434 non
388 1389 426 1434 si
447 1391 539 1447 puo
560 1390 763 1436 sofferire
785 1392 994 1436 uedendo
1011 1391 1054 1435 la
1075 1390 1255 1435 miseria
1272 1397 1318 1435 et
1340 1389 1596 1448 perditione
1611 1387 1658 1432 di
1675 1403 1766 1432 una
1783 1394 1910 1432 tanto

274 1469 465 1525 grande,
492 1475 619 1512 tanto
639 1476 844 1527 potente,
870 1476 916 1514 et
939 1475 1065 1513 tanto
1082 1467 1238 1513 nobile
1254 1468 1453 1522 natione,
1474 1474 1520 1512 et
1537 1466 1583 1510 ui
1600 1467 1626 1511 e
1643 1480 1727 1510 con
1745 1466 1790 1510 13
1805 1481 1912 1523 gra-

275 1546 337 1590 tia
358 1546 404 1589 di
426 1547 516 1590 X.0
541 1548 680 1591 molta
701 1562 919 1604 speranza
940 1547 986 1590 di
1008 1562 1132 1592 esser
1154 1546 1341 1599 aiutata,
1365 1552 1411 1591 et
1432 1545 1478 1589 io
1499 1544 1561 1588 mi
1582 1544 1806 1602 persuado
1827 1545 1914 1588 che

274 1623 305 1666 il
337 1623 508 1681 Signor
534 1624 624 1669 Dio
653 1625 696 1668 la
728 1625 835 1669 uole
866 1624 1042 1669 aiutare
1073 1639 1153 1682 per
1184 1638 1341 1669 mezzo
1367 1623 1486 1668 della
1514 1621 1798 1679 Compagnia
1826 1635 1913 1665 con

225 1695 227 1698 ’
273 1702 304 1744 l’
327 1701 555 1746 authorita
577 1708 622 1747 et
645 1702 801 1747 fauore
823 1702 941 1747 della
962 1702 1071 1747 sede
1099 1701 1360 1759 apostolica.
1387 1702 1445 1744 Et
1466 1700 1528 1744 mi
1548 1715 1657 1757 pare
1678 1700 1764 1744 che
1786 1698 1912 1743 Iddio

273 1786 428 1823 nostro
450 1779 650 1837 Signore
670 1781 728 1825 ha
749 1779 974 1824 instituito
997 1787 1043 1824 et
1064 1780 1170 1823 data
1191 1779 1234 1823 13
1251 1778 1534 1836 Compagnia
1550 1778 1637 1822 alla
1658 1792 1742 1821 sua
1757 1776 1911 1822 chiesa

272 1863 402 1901 santa
423 1856 746 1914 specialmente
767 1872 847 1914 per
868 1858 911 1900 la
926 1856 1170 1902 ridottione
1185 1856 1232 1900 di
1248 1855 1398 1913 questi
1419 1855 1607 1901 heretici
1623 1862 1668 1900 et
1684 1855 1743 1899 de
1758 1853 1823 1911 gli
1837 1853 1910 1898 in—

273 1933 411 1979 fideli.
441 1934 823 1978 Dominus‘dabit
849 1936 1068 1977 uirtutem
1105 1938 1146 1977 et
1168 1934 1499 1993 fortitudinem
1536 1932 1746 1976 Societati
1781 1945 1906 1976 suae.

275 2012 548 2055 Benedictus
568 2013 814 2056 Dominus.
1362 1999 1364 2001 ¹

365 2093 406 2145 3.
471 2090 519 2133 Io
541 2096 612 2134 sto
633 2090 772 2134 molto
794 2091 926 2143 bene,
953 2097 999 2135 et
1019 2090 1049 2134 il
1074 2090 1206 2135 fratel
1221 2091 1354 2148 Jona3
1380 2089 1626 2134 benedetto
1646 2086 1751 2131 Dio.
1773 2087 1832 2132 V.
1853 2087 1908 2130 P.

273 2182 355 2224 per
376 2168 408 2211 1’
431 2182 556 2211 amor
577 2167 651 2213 del
673 2167 868 2225 Signore
890 2167 1122 2225 perseueri
1143 2167 1190 2211 in
1212 2182 1406 2224 pregare
1427 2165 1554 2210 Iddio
1574 2180 1655 2223 per
1677 2179 1750 2209 me
1771 2170 1818 2209 et
1831 2178 1911 2221 per

272 2252 434 2302 questa
455 2244 655 2290 natione.
680 2245 893 2289 Conosco
915 2246 1000 2290 che
1022 2260 1102 2302 per
1123 2245 1166 2290 le
1187 2260 1271 2290 sue
1295 2243 1490 2288 orationi
1512 2243 1543 2286 il
1565 2242 1762 2300 Signore
1778 2240 1839 2284 mi
1855 2241 1914 2286 da

273 2323 413 2366 buon'
438 2322 606 2366 animo.
632 2321 736 2380 Egli
757 2337 838 2379 per
865 2337 949 2367 sua
970 2321 1277 2368 misericordia
1304 2321 1481 2365 infinita
1506 2320 1548 2364 ci
1575 2320 1650 2364 dia
1677 2333 1856 2376 sempre
1886 2333 1913 2362 a

275 2399 382 2444 tutti
403 2399 449 2443 di
471 2400 614 2445 sentit
634 2414 718 2444 sua
745 2400 1002 2445 santissima
1029 2400 1233 2453 uolonta,
1264 2400 1463 2445 et-forza
1489 2413 1570 2456 per
1597 2397 1913 2443 intieramente

274 2478 509 2535 compirla,
535 2484 623 2523 etc.
682 2482 685 2484 ’

348 2648 357 2667 ¹
408 2644 571 2681 Scilicet
588 2645 632 2681 P.
652 2645 793 2681 Petrus
811 2644 860 2681 de
879 2645 988 2682 Soto.
1010 2646 1111 2682 Vide
1129 2646 1347 2689 POLANCO,
1369 2643 1533 2685 Chron„
1552 2642 1603 2687 V,
1621 2641 1706 2689 268,
1724 2653 1763 2677 n.
1778 2640 1862 2687 746.
