2098 3484
228 254 231 257 -
307 280 354 326 84
891 282 1033 317 EPIST.
1061 280 1105 315 P.
1133 280 1384 325 NADAL—24

304 382 425 440 cip'io
450 383 627 441 spedita
653 384 696 428 13
724 385 865 437 bulla,
894 385 924 428 0
954 390 1074 427 stata
1101 382 1323 426 difficulta
1349 381 1396 425 di
1425 383 1564 425 esser’
1595 388 1816 438 aceptata'
1832 382 1890 427 de
1917 382 1970 427 la.

303 467 424 505 terra
445 476 524 518 per
546 463 689 506 hauer
710 462 753 506 la
775 460 1061 518 Compagnia
1083 467 1205 503 tutto
1227 459 1259 502 il
1286 473 1499 516 guuerno
1528 459 1664 502 etiam
1691 458 1870 516 injure
1891 459 1959 504 ci·-

302 539 392 584 uile
414 543 455 582 et
475 540 719 583 medicina.
747 540 806 582 Et
826 540 950 595 dopo
972 540 1058 582 che
1073 538 1121 580 in
1143 537 1314 580 diuersi
1335 536 1459 580 modi
1480 535 1520 580 si
1541 536 1726 593 negotio
1745 536 1793 579 di
1820 551 1957 581 acco—

300 617 514 670 modarsi,
550 616 745 674 piaeque
771 618 814 660 al
843 616 1017 674 Signor
1044 618 1130 659 che
1158 617 1184 658 0
1211 621 1331 658 stata
1351 614 1395 657 13
1422 613 1534 658 citta
1560 620 1794 667 contenta,
1827 622 1874 659 et
1894 617 1963 660 ha.

298 701 508 751 aceptato
529 695 574 738 la
595 695 735 747 bulla,
767 695 805 737 si
834 708 964 737 come
992 695 1018 737 0
1047 691 1239 749 spedita,
1272 698 1319 735 et
1349 692 1468 735 cossi
1496 690 1742 736 habbiamo
1764 691 1962 749 pigliata

297 771 588 829 possessione
609 772 728 816 della
749 771 1015 823 vniuersita,
1036 778 1082 814 et
1103 783 1312 826 speramo
1328 770 1415 812 che
1432 775 1552 813 tutte
1571 769 1615 813 le
1631 783 1740 813 cose
1755 784 1961 814 seranno·

296 856 423 894 tanto
445 851 564 894 bene
585 850 896 902 accomodate,
922 851 1008 892 che
1024 849 1068 891 13
1085 847 1196 891 citta
1211 849 1386 891 restara
1401 847 1542 890 molto
1558 853 1776 891 contenta
1792 854 1839 891 et
1855 847 1954 892 edi-

294 928 445 980 ficata,
470 934 517 972 et
538 929 624 971 che
645 942 725 984 per
753 928 783 969 l'
815 926 1008 969 inuerno
1037 925 1076 969 si
1098 924 1424 968 chiamaranno
1452 924 1674 969 eccelenti
1702 925 1879 968 doctori
1900 926 1957 969 in

284 1004 401 1061 jure
421 1009 462 1048 et
482 1005 724 1058 methema,
747 1012 793 1048 et
814 1006 900 1048 che
931 1003 978 1046 in
1000 1004 1141 1047 breue
1168 1003 1212 1046 13
1241 1001 1530 1059 Compagnia
1550 1005 1686 1059 potra
1705 1001 1753 1046 in
1789 1010 1961 1059 questa

292 1082 544 1126 vniuersita
565 1081 832 1126 alimentare
860 1095 941 1125 100
958 1079 1137 1123 5001311.
1159 1079 1341 1136 Sperasi
1358 1094 1446 1123 con
1463 1080 1507 1124 13
1523 1080 1672 1137 gratia
1687 1081 1762 1124 del
1779 1080 1958 1138 Signor

292 1162 369 1203 vn’
395 1174 533 1216 opera
559 1158 962 1216 importantissima
984 1158 1031 1200 in
1059 1157 1297 1214 seruiggio
1318 1157 1376 1201 de
1397 1172 1480 1201 sua
1508 1157 1665 1201 diuina
1694 1157 1809 1202 Μ.ῒὲ
1832 1165 1879 1202 et
1899 1157 1947 1201 in

291 1238 467 1294 grande
488 1244 737 1294 augmento
753 1237 871 1280 della
892 1234 1192 1292 Compagnia.
1309 1243 1312 1246 ’

387 1327 455 1358 10.
520 1315 710 1370 Sempre
731 1314 769 1356 si
789 1313 988 1370 giouano
1019 1312 1203 1356 alchuni
1231 1312 1398 1357 ossessi
1425 1312 1472 1355 di
1494 1311 1684 1370 maligni
1711 1312 1874 1370 spiriti,
1899 1321 1954 1358 et*

291 1391 328 1435 si
350 1393 397 1435 fa
418 1391 647 1435 ordinario
676 1391 846 1434 ricorso
875 1391 963 1434 alla
985 1390 1139 1434 chiesa
1166 1398 1337 1434 nostra.
1364 1389 1519 1435 Siamo
1541 1391 1615 1434 nel
1643 1389 1838 1448 collegio
1873 1391 1941 1444 18,

291 1476 338 1513 et
353 1470 473 1514 nella
501 1484 607 1513 casa
633 1469 680 1512 di
708 1468 974 1526 probatione
1004 1481 1028 1511 2
1066 1469 1126 1512 de
1163 1467 1324 1521 nostri,
1349 1475 1396 1511 et
1430 1481 1482 1512 10
1518 1467 1566 1511 111
1598 1468 1884 1525 probatione.
1909 1469 1952 1512 Il.

291 1547 461 1603 Signor
498 1562 579 1604 per
608 1561 692 1590 sua
720 1545 1030 1590 misericordia
1058 1545 1237 1589 infinita
1264 1545 1306 1589 ci
1333 1545 1571 1603 augmenti
1593 1544 1641 1588 in
1668 1545 1780 1602 ogni
1802 1546 1953 1590 frutto

288 1624 521 1680 spirituale
542 1631 588 1667 et
609 1623 651 1667 01
673 1623 748 1666 dia
769 1638 947 1679 sempre
969 1623 1259 1667 riconoscere
1274 1622 1306 1665 li
1323 1622 1424 1666 suoi
1441 1622 1659 1667 ineffabili
1676 1623 1880 1668 benefitii
1897 1631 1950 1668 et.

288 1715 425 1757 opere
445 1709 576 1744 sante
597 1708 643 1745 et
664 1700 922 1757 glorificare
943 1707 990 1744 et
1011 1700 1302 1758 ringratiarlo
1323 1701 1376 1743 in
1396 1702 1561 1743 secula.
1589 1702 1754 1745 Amen.

378 1781 449 1822 De
471 1778 688 1831 Messina,
717 1789 741 1833 5
760 1779 818 1822 de
841 1780 978 1834 Mayo
1007 1789 1132 1833 1550.

376 1858 448 1900 De
471 1858 522 1899 P.
551 1858 607 1900 V.
634 1870 770 1900 seruo
791 1855 839 1898 in
861 1857 981 1912 Xpo.

1244 1935 1545 1979 HIERONYMO
1578 1936 1766 1980 NADAL.

1074 2113 1155 2153 ⁶24

726 2216 780 2258 P.
820 2215 1237 2260 HIERONYMUS
1270 2217 1491 2261 NADAL

574 2314 847 2353 SANCTO
890 2315 1190 2354 [GNATIO
1232 2317 1315 2352 DE
1358 2315 1636 2355 LOYOLA

766 2407 1028 2460 Messanae,
1067 2419 1082 2450 1
1104 2406 1215 2465 Julii
1244 2417 1355 2462 1550
1381 2409 1411 2450 ¹.

276 2514 312 2545 1.
341 2507 456 2543 Nihil
472 2509 518 2543 in
535 2519 658 2544 causa
678 2507 956 2543 universitatis
973 2509 1160 2544 concludi
1179 2511 1305 2556 posse,
1333 2510 1455 2544 donec
1469 2509 1653 2555 joannes
1676 2512 1724 2547 de
1757 2511 1865 2559 Vega
1881 2513 1931 2548 in

326 2567 538 2607 =z·Siciliam
556 2568 798 2604 redeat-——20
825 2566 886 2602 De
903 2571 1080 2613 quatuor
1092 2569 1257 2616 punctis
1279 2569 1325 2604 in
1348 2569 1629 2606 constitutione
1646 2571 1934 2607 universitatis·

348 2628 712 2673 emendandis.-—3.
740 2626 910 2662 Nullam
929 2630 1038 2674 spem
1056 2628 1270 2676 affulgere
1287 2629 1335 2664 de
1352 2629 1618 2665 universitate
1629 2631 1820 2677 proximo
1837 2643 1932 2667 cur-⁴

348 2687 479 2722 riculo
497 2688 738 2723 inchoanda.
803 2726 809 2733 ί

1086 2761 1115 2818 1

369 2867 405 2897 1.
471 2855 637 2908 Padre,
664 2855 770 2897 toda
792 2861 889 2898 esta
911 2870 1112 2909 semana‚
1139 2858 1202 2900 M.
1208 2867 1252 2891 ro
1277 2855 1560 2913 Hieronymo
1583 2857 1597 2878 ⁹
1626 2872 1656 2913 y
1679 2856 1744 2910 io,
1777 2858 1929 2901 haue·-

343 2980 355 3000 ¹
405 2980 464 3014 Ex
481 2980 738 3026 autographo,
757 2979 797 3014 in
816 2980 945 3026 Epist.
966 2980 1123 3023 Natal„
1144 2982 1196 3028 ΙΙ,
1215 2967 1363 3028 duplici
1380 2981 1449 3018 fol.
1469 2990 1510 3027 51
1532 2980 1622 3027 (73).
1642 2982 1728 3017 Hae
1753 2982 1922 3058 epistola

270 3050 363 3074 usus
383 3044 444 3074 est
461 3039 681 3086 POLANCO,
704 3038 869 3081 Chron„
890 3041 942 3088 ΙΙ,
961 3028 1008 3075 30
1031 3047 1072 3077 et
1090 3040 1149 3076 31.

339 3101 354 3120 2
406 3099 448 3133 P.
470 3098 737 3146 Hieronymus
756 3100 1001 3140 Domenech.
