2066 3490
286 297 327 333 18
876 298 1042 335 CHRON.
1071 299 1115 334 P.
1143 298 1333 335 NATAL1s

282 400 445 444 deatur
466 414 675 456 pugnare
696 406 746 442 vt
763 399 947 444 omnino
964 415 1165 444 mouear:
1186 401 1332 444 solum
1351 407 1421 444 est
1437 400 1616 444 auersio
1632 400 1786 453 animi,
1807 403 1930 457 quod

282 483 352 520 est
373 476 621 520 maximum
644 483 690 520 et
717 476 1021 521 certissimum
1049 476 1233 534 signum
1263 492 1361 521 eam
1390 492 1491 521 esse
1510 477 1794 521 voluntatem
1821 477 1924 532 Dei;

281 561 385 611 post
401 568 537 610 quam
555 552 619 596 illi
635 567 815 607 sensus,
834 554 1084 611 deprauata
1099 555 1327 607 voluntas,
1348 555 1563 607 mundus,
1576 556 1737 608 honor,
1751 554 1926 612 species

281 632 505 686 quaedam
528 630 824 684 infidelitatis,
849 631 1096 689 cogitando
1117 630 1307 674 nimium
1330 630 1635 686 difficultates,
1660 638 1783 685 sunt,
1809 646 1927 688 quae

280 723 371 752 non
393 714 587 765 possunt
608 707 842 765 percipere
863 722 1058 766 regnum
1080 707 1183 760 Dei,
1209 714 1256 751 et
1276 722 1395 764 quae
1416 707 1642 751 contraria
1663 715 1771 752 sunt
1791 708 1926 766 spiri-
1942 715 1954 732 ⁸

280 784 362 828 tui.
390 786 564 841 Itaque,
591 799 865 841 quamquam
886 785 1114 839 venirent,
1146 791 1482 843 oppugnarent,
1507 785 1783 839 resisterent,
1814 801 1925 830 con—

279 861 571 915 tradicerent,
605 869 829 907 terrerent
857 877 1015 907 omnes
1041 862 1317 906 dificultates
1344 869 1390 905 et
1418 863 1563 906 multo
1589 863 1758 919 plures,
1790 878 1924 919 quam

277 938 400 982 sensi
435 953 541 996 ego,
582 940 656 983 vel
693 940 879 984 omnino
915 941 1035 983 vllus
1071 941 1207 982 homo
1230 938 1388 992 sensit,
1423 940 1497 983 vel
1533 939 1742 983 diabolus
1778 947 1928 997 potest

276 1015 536 1071 immittere,
561 1031 658 1075 ego,

366 1106 439 1151 49.
527 1095 586 1138 In
607 1095 793 1138 nomine
814 1095 862 1138 S.
872 1106 962 1130 mae
993 1095 1251 1147 Trinitatis,
1270 1094 1449 1147 Patris,
1473 1095 1579 1137 Iesu
1602 1095 1651 1137 X
1652 1095 1695 1147 .i,
1713 1098 1754 1137 et
1769 1095 1924 1152 Spiri-

276 1174 347 1214 tus
369 1171 470 1224 Sti,
487 1171 657 1228 definio
678 1175 719 1214 et
734 1177 939 1229 propono
959 1172 1088 1228 sequi
1109 1171 1301 1214 consilia
1323 1171 1593 1228 euangelica
1615 1186 1717 1214 cum
1735 1172 1849 1215 votis
1870 1173 1921 1215 in

274 1247 489 1291 Societate
509 1249 628 1301 Iesu,
651 1252 692 1292 et
713 1250 869 1291 animo
883 1251 1083 1305 paratus
1104 1263 1206 1291 sum
1232 1249 1410 1306 facere,
1434 1262 1549 1304 quae
1570 1249 1631 1291 ad
1662 1248 1789 1292 illam
1812 1250 1919 1292 atti-

272 1328 395 1378 nent,
417 1325 600 1368 etiamsi
619 1313 759 1368 velint
779 1329 826 1368 vt
845 1327 999 1369 statim
1021 1339 1223 1378 voueam,
1242 1328 1282 1367 et
1304 1324 1383 1367 lioc
1403 1325 1413 1346 ¹
1439 1339 1540 1367 cum
1562 1339 1741 1369 summo
1758 1327 1918 1369 timore

272 1405 313 1444 et
335 1405 530 1445 tremore
551 1406 592 1445 et
608 1403 699 1461 Dei
719 1403 914 1446 Domini
934 1403 1082 1445 nostri
1111 1403 1213 1444 Iesu
1243 1403 1336 1454 X.i‚
1366 1405 1407 1444 et
1434 1402 1580 1457 ipsius
1609 1417 1804 1456 summa,
1827 1417 1918 1460 qua

271 1480 323 1522 in
344 1494 415 1522 me
437 1494 545 1522 vsus
562 1483 627 1522 est
650 1480 983 1532 misericordia,
1006 1494 1143 1522 voueo
1166 1482 1255 1522 tota
1272 1480 1446 1531 anima,
1465 1482 1554 1522 tota
1570 1480 1808 1533 voluntate,
1827 1483 1916 1523 tota

270 1555 453 1600 virtute.
480 1557 552 1600 Sit
569 1557 743 1614 gloria.
764 1557 929 1600 Amen.
951 1558 1137 1609 Romae,
1155 1550 1411 1599 anno'Dni.
1435 1566 1563 1611 1545,
1581 1556 1654 1600 die
1670 1569 1699 1599 2
1703 1568 1728 1612 3
1744 1558 1917 1600 mensis

271 1634 561 1687 Nouembris,
585 1634 700 1677 liora
723 1633 780 1677 18
802 1649 904 1677 cum
928 1634 1125 1676 dimidia
1153 1633 1183 1686 ²,
1215 1647 1354 1689 quum
1377 1634 1582 1692 fuissem
1613 1635 1663 1677 in
1685 1634 1916 1677 exercitiis

270 1709 327 1753 18
347 1711 444 1754 dies
471 1712 503 1754 ³.
1676 1769 1679 1771 -

360 1799 431 1843 50.
498 1789 760 1832 Consecuta
781 1795 850 1832 est
871 1787 1163 1841 incredibiliS,
1189 1803 1282 1832 non
1311 1789 1458 1832 solum
1487 1788 1623 1832 animi
1645 1788 1912 1843 consolatio,

269 1865 349 1909 sed
372 1865 574 1922 corporis
596 1864 900 1923 refrigerium,
924 1872 975 1908 vt
996 1866 1011 1886 ‘²

1034 1987 1147 2020 1545

359 2108 429 2154 51.
498 2097 617 2142 Veni
639 2098 697 2141 ad
718 2097 934 2141 exercitia
957 2108 980 2153 5
1004 2098 1280 2142 Nouembris
1308 2099 1340 2142 ⁵.

359 2186 430 2231 52.
497 2174 614 2235 [Die]
638 2187 710 2230 23,
738 2174 823 2227 feci
845 2181 1001 2218 votum
1024 2174 1310 2232 ingrediendi
1333 2175 1624 2221 Societatem.

340 2393 351 2414 ¹
403 2390 472 2426 Bis
486 2391 561 2426 hoc
574 2390 741 2442 verbnm
756 2387 913 2436 scripsit
927 2389 971 2424 P.
987 2389 1127 2434 Nadal,
1143 2394 1235 2425 nota
1248 2401 1318 2426 seu
1333 2390 1631 2438 abbreviatione
1645 2396 1738 2428 tunc
1753 2392 1911 2429 usitata.

333 2453 348 2473 Ξ
400 2451 508 2486 Hora
529 2449 585 2494 18,
605 2461 712 2485 more
731 2448 835 2496 apud
852 2447 966 2484 italos
984 2454 1158 2496 recepto,
1177 2449 1245 2496 qui
1262 2461 1284 2485 a
1301 2448 1394 2486 solls
1408 2462 1550 2487 occasu
1564 2450 1679 2487 unius
1693 2451 1773 2487 diei
1786 2463 1911 2500 usque

263 2510 312 2546 ad
331 2521 514 2546 occasum
533 2508 627 2545 solis
644 2507 725 2545 diei
742 2508 962 2555 sequentis,
982 2518 1027 2554 24
1044 2509 1159 2544 horas
1176 2520 1382 2545 numerare
1400 2516 1679 2547 consuescunt.

334 2571 348 2591 ³
399 2570 514 2604 Hanc
532 2574 713 2604 votorum
731 2567 935 2603 formulam
955 2568 1204 2615 transcripsit
1221 2567 1474 2614 ORLANDINI,
1495 2570 1602 2605 Hist.
1625 2570 1665 2606 S.
1676 2570 1737 2617 J.,
1762 2570 1831 2606 lib.
1859 2571 1909 2616 V,

232 2664 237 2667 .
261 2643 299 2666 n.
316 2629 352 2674 8,
370 2641 419 2665 ex
434 2629 534 2677 ipso,
549 2633 593 2665 ut
606 2627 691 2676 ipse
705 2627 773 2672 ait,
789 2628 1031 2674 autographo
1044 2628 1329 2675 depromptam3
1339 2627 1731 2665 animadvertendum
1739 2641 1834 2665 vero
1848 2635 1910 2666 est

262 2696 353 2725 e'um
371 2688 503 2736 potius
521 2699 682 2724 sensum
699 2698 816 2734 quam
835 2688 956 2723 verba
974 2687 1293 2734 transumpsisse‚
1312 2699 1412 2735 quae
1429 2688 1588 2735 quidem
1607 2689 1839 2735 elegantiori
1857 2691 1909 2725 la-

261 2748 420 2784 tinitate
446 2746 621 2783 donavit.

331 2810 347 2830 4
395 2809 470 2852 Ita,
490 2819 610 2843 sensu
628 2806 882 2854 imperfecto,
901 2806 1096 2843 clauditur
1113 2808 1209 2843 haee
1234 2807 1499 2854 paragraphus
1523 2807 1571 2842 ad
1595 2809 1743 2843 calcem
1770 2808 1908 2856 prioris

259 2867 425 2915 paginae
443 2867 527 2903 folii
546 2877 592 2912 29
607 2893 616 2911 ,
642 2866 755 2912 cujus
779 2867 902 2901 altera
926 2867 1068 2912 pagina
1092 2867 1239 2902 nullam
1262 2867 1384 2902 habet
1407 2866 1654 2914 scripturam.
1676 2868 1789 2914 Quae
1813 2881 1910 2905 vero

258 2932 490 2975 sequuntur,
510 2925 624 2962 initio
642 2925 725 2961 folii
742 2925 817 2961 20.{
844 2925 1052 2972 incipiunt,
1072 2927 1121 2962 ab
1140 2937 1240 2962 anno
1262 2933 1366 2971 1545.

331 2988 346 3008 ⁵
396 2985 559 3022 Scilicet
576 2985 641 3020 die
661 2983 714 3030 5.⁸
731 2995 913 3032 vespere,
933 2985 1037 3020 unde
1054 2996 1132 3020 non
1149 2986 1373 3021 numeravit
1390 2986 1491 3021 hanc
1508 2985 1615 3021 diem
1632 2986 1672 3021 in
1689 2986 1746 3032 18,
1764 2987 1907 3034 quibus

259 3046 431 3082 absolvit
448 3044 652 3091 negotium
672 3055 766 3080 suae
784 3043 1003 3089 electionis,
1023 3049 1066 3080 ut
1083 3044 1282 3091 colligitur
1301 3056 1350 3080 ex
1369 3044 1435 3089 iis,
1461 3056 1561 3092 quae
1586 3045 1743 3093 scripsit
1766 3046 1907 3093 Nadal,

261 3106 310 3141 ad
330 3106 449 3141 finem
468 3118 507 3141 n.
527 3114 586 3151 49.
