2098 3548
789 299 978 337 ConxcEs
1004 300 1048 336 P.
1076 299 1229 335 NADAL
1360 335 1361 338 ,
1742 308 1836 344 xri,

181 408 388 449 notatus:
423 406 511 448 «P.
543 401 753 462 Natalis!
781 402 1107 460 Ephemerides
1134 401 1141 461 Ι
1168 403 1226 446 ab
1254 417 1376 446 anno
1408 402 1635 457 1546—S.
1666 403 1703 445 F
1705 413 1835 453 tanc..

183 480 367 539 Borgia.
381 480 405 540 Ι
432 480 647 525 Βίειτίυῐῃ,
667 479 674 539 Ι
701 481 759 524 ab
781 495 902 524 anno
930 481 1086 535 1564.»
1109 479 1326 524 Continet
1341 480 1496 537 plures
1513 478 1837 535 quaterniones

180 558 315 603 simul
337 565 572 612 consutos3
598 564 645 602 et
665 557 713 606 in
739 559 856 602 duas
884 564 1036 615 partes
1062 558 1302 601 commode
1327 556 1469 600 dividi
1495 563 1667 614 potest,
1699 564 1834 613 prout

180 637 227 680 in
244 637 354 694 ipso>
368 636 501 680 titulo
521 636 626 681 libri
647 636 890 683 indicatur:
917 635 1061 693 prima
1081 636 1140 680 ad
1163 638 1217 680 P.
1249 635 1398 680 Nadal
1423 634 1643 692 pertinet,
1675 641 1839 697 estque

180 717 277 760 fere
312 721 408 761 tota
435 717 738 772 autographa.
772 715 986 760 Secunda
1013 714 1158 758 multo
1187 713 1369 763 brevior
1396 712 1445 756 in
1472 713 1563 763 fine
1591 712 1838 763 voluminis

178 793 340 851 posita,
366 792 570 837 continet
592 800 928 850 transumptum
951 791 1299 850 ephemeridum¹
1315 793 1363 837 S.
1389 793 1426 835 F
1429 790 1622 841 rancisci
1644 791 1702 835 de
1720 792 1833 843 Borss

173 871 238 928 ja,
264 872 321 915 ab
344 886 465 915 anno
493 871 605 926 1364
627 871 685 914 ad
713 871 839 926 1568.
867 872 970 914 Hac
991 870 1193 914 secunda
1209 876 1355 927 parte,
1375 883 1492 926 quae
1515 879 1594 924 105
1614 867 1731 912 foliis
1748 876 1835 911 nu-

180 947 364 993 meratis
385 955 431 993 et
452 964 481 1007 9
509 963 602 992 non
630 935 901 1001 numeratis,
932 955 979 992 et
1008 947 1170 1005 partim
1198 946 1374 1001 vacuis,
1405 954 1607 1000 constat,
1633 954 1836 1004 praeter<

179 1025 332 1081 missa3
357 1027 415 1070 ad
436 1025 627 1083 primam
648 1025 901 1070 veniamus.

269 1105 463 1148 Constat
484 1119 539 1148 ea
559 1105 616 1159 48
639 1105 686 1147 ff.
713 1104 839 1148 nullo
860 1118 1051 1148 numero
1074 1102 1290 1161 signatis,
1316 1111 1362 1147 et
1384 1103 1484 1147 aliis
1507 1104 1614 1157 208,
1636 1103 1837 1148 numeris

181 1180 422 1226 distinctis.
447 1184 619 1226 Decem
643 1181 788 1238 prima
815 1183 890 1235 ff.,
921 1180 1068 1239 ignoti
1096 1180 1267 1225 librarii
1295 1196 1432 1225 manu
1462 1188 1668 1234 exarata,
1701 1189 1746 1225 et
1778 1182 1835 1224 ab

182 1259 280 1316 ipso
302 1260 450 1304 Nadal
471 1259 608 1303 variis
630 1259 1002 1303 annotationibus
1024 1266 1175 1313 aucta,
1201 1259 1439 1303 continent
1460 1258 1702 1304 Societatis
1724 1261 1835 1318 Jesu

182 1336 495 1394 ephemerides
522 1337 868 1394 compendiosas
896 1339 954 1382 ab
981 1352 1103 1382 anno
1140 1338 1252 1393 1546
1279 1337 1336 1381 ad
1364 1337 1484 1381 diem
1514 1349 1539 1380 2
1570 1336 1838 1381 Decembris

184 1414 291 1458 anni
319 1415 446 1471 1556.
473 1416 576 1459 Hae
593 1422 745 1459 autem
763 1415 1077 1472 ephemerides
1094 1421 1406 1472 transumptae
1421 1422 1530 1459 sunt
1546 1430 1602 1459 ex
1619 1422 1838 1472 autogra—

184 1495 275 1550 pho
297 1492 440 1550 ipsius
462 1494 624 1546 Nadal,
650 1493 697 1536 in
720 1493 853 1537 tertio
875 1492 1018 1550 ipsius
1040 1492 1213 1537 codicis
1242 1480 1542 1549 quaternione
1569 1500 1615 1538 et
1641 1507 1838 1549 sequen-

185 1570 307 1615 tibus
329 1570 516 1616 inserto.
663 1625 666 1628 ἱ
1529 1555 1532 1558 ⁴

274 1647 520 1695 Secundus
545 1650 801 1706 quaternio,
827 1665 854 1694 a
883 1649 991 1694 folio
1026 1662 1093 1704 11,
1128 1650 1186 1694 ad
1215 1662 1288 1703 22,
1323 1649 1583 1694 adversaria
1614 1651 1837 1707 quaedam

183 1729 468 1785 autographa
490 1743 518 1771 a
541 1730 593 1771 P.
622 1724 769 1772 Nadal
791 1723 912 1779 anno
947 1738 1058 1784 1557
1087 1730 1260 1772 Romae
1287 1734 1472 1781 exarata
1499 1727 1834 1785 complectitur,

184 1805 231 1848 in
258 1805 426 1862 quibus
453 1806 511 1850 de
533 1806 638 1863 jure
665 1806 955 1864 gubernandi
983 1806 1031 1850 in
1058 1805 1289 1852 Societate
1311 1808 1424 1865 Jesu
1452 1805 1654 1859 disserit,
1690 1805 1839 1850 Patris

186 1883 423 1947 Bobadilla
444 1891 717 1941 argumenta
738 1885 966 1939 refellens,
992 1884 1069 1941 qui
1099 1899 1189 1928 non
1219 1884 1267 1928 in
1296 1899 1388 1928 uno
1416 1883 1587 1936 vicario
1616 1884 1835 1942 generali,

185 1961 266 2004 sed
302 1976 442 2018 penes
472 1961 641 2018 primos
678 1977 837 2006 omnes
874 1962 1018 2019 ipsius
1055 1962 1300 2008 Societatis
1339 1963 1605 2014 fundatores
1642 1962 1840 2006 residere

187 2039 507 2084 contendebat.
540 2040 695 2096 Hujus
720 2040 888 2097 longae
916 2039 1242 2084 confutationis
1268 2054 1491 2084 summam
1515 2039 1700 2084 exhibet
1721 2041 1840 2085 SAC-

189 2130 384 2170 CHINUS,
431 2117 554 2160 Hist.
580 2117 628 2160 S.
647 2117 714 2175 J„
737 2123 854 2174 part.
880 2118 935 2172 II,
961 2117 1040 2161 lib.
1066 2118 1100 2171 Ι,
1126 2133 1204 2161 nn.
1239 2119 1293 2161 82
1317 2125 1362 2162 et
1387 2119 1457 2174 83.

278 2195 322 2238 A
345 2193 452 2238 folio
482 2207 537 2250 23
566 2196 624 2239 ad
652 2195 729 2239 sol.
761 2196 836 2250 48,
867 2194 1128 2239 continetur
1154 2195 1474 2253 palimpsestus
1495 2195 1836 2253 ephemeridum

189 2271 430 2323 Societatis
445 2274 574 2331 Jesu,
602 2272 751 2317 Patris
772 2273 920 2323 Nadal
941 2287 1079 2316 manu
1101 2281 1331 2327 exaratus,
1358 2274 1415 2317 26
1435 2275 1483 2317 ff.
1510 2288 1603 2317 non
1625 2272 1833 2331 signatis.

189 2349 343 2393 Primo
359 2350 463 2394 loco
478 2358 713 2406 ponuntur
730 2361 799 2404 ea,
821 2364 939 2407 quae
961 2351 1231 2408 transcripta
1252 2366 1279 2395 a
1300 2351 1485 2395 librario
1506 2358 1614 2395 sunt
1630 2350 1677 2394 in
1693 2350 1838 2408 primo

189 2427 508 2484 quaternione,
540 2443 605 2472 sc.
637 2429 696 2472 ab
724 2440 844 2472 anno
879 2429 1006 2484 1546,
1047 2429 1105 2472 ad
1134 2442 1158 2473 2
1187 2429 1456 2473 Decembris
1491 2431 1618 2485 1556.
1652 2431 1835 2482 Postea,

185 2504 496 2562 ephemerides
517 2506 625 2549 anni
653 2517 780 2562 1557,
806 2506 885 2550 ubi
907 2506 1094 2563 plenius
1106 2506 1288 2551 disserit
1311 2509 1364 2551 P.
1390 2508 1537 2552 Nadal
1558 2508 1616 2551 de
1643 2506 1839 2550 difficul-

189 2582 375 2636 tatibus,
401 2597 514 2639 quas
536 2582 582 2626 in
603 2584 812 2641 cogenda
833 2583 1036 2641 generali
1058 2584 1420 2642 congregatione
1441 2592 1628 2642 experta
1654 2592 1724 2628 est
1752 2585 1839 2628 So—

189 2660 348 2714 cietas,
372 2667 462 2705 etc.
663 2710 667 2712 μ

279 2739 332 2781 In
353 2738 429 2781 fol.
455 2751 529 2797 49,
555 2738 701 2795 primo
722 2746 941 2790 notantur
962 2746 1064 2783 acta
1085 2739 1133 2783 in
1154 2740 1391 2784 Lusitania
1412 2756 1439 2784 a
1462 2743 1515 2784 P.
1552 2740 1699 2784 Nadal
1719 2753 1840 2791 anno

197 2829 213 2860 1
222 2826 246 2871 5
252 2826 276 2871 5
282 2828 330 2871 3;·
344 2815 525 2869 deinde,
544 2827 651 2874 pag.
675 2829 718 2872 2,
738 2824 841 2869 acta
857 2818 1080 2874 quaedam
1099 2818 1148 2863 S.
1170 2818 1402 2862 Francisci
1418 2819 1476 2862 de
1494 2818 1630 2874 Borja
1646 2818 1703 2860 ab
1721 2830 1841 2870 anno

195 2902 307 2951 1539
335 2893 393 2936 ad
421 2903 548 2949 15533
580 2893 732 2951 pergit
759 2894 926 2939 deinde
947 2894 1050 2952 ipse
1075 2897 1128 2939 P.
1154 2896 1302 2940 Nadal
1330 2897 1534 2940 referens
1556 2894 1718 2948 itinera
1745 2909 1771 2938 a
1792 2908 1842 2938 se

190 2977 417 3027 suscepta,
443 2970 541 3015 sive
562 2986 644 3028 pro
665 2971 922 3027 visitandis,
946 2972 1044 3017 sive
1065 2988 1147 3031 pro
1166 2973 1412 3017 fundandis
1434 2972 1643 3030 collegiis
1664 2973 1738 3025 vel
1755 2972 1841 3025 do-

190 3047 356 3102 mibus,
373 3049 739 3102 ,Conimbricam,
765 3051 823 3093 ad
846 3051 1066 3095 Sanctum
1085 3051 1283 3095 Felicem
1301 3058 1347 3095 et
1358 3052 1583 3101 ,Sanctum
1597 3052 1820 3108 Joannem
1830 3077 1842 3101 ,-

193 3126 564 3182 Compestellam‘,
585 3126 920 3179 Conimbricam
939 3139 1011 3172 2.0
1029 3162 1038 3182 ‚
1061 3128 1381 3186 Ulyssiponem
1401 3140 1471 3181 2.-0
1491 3162 1500 3181 ,
1524 3128 1716 3180 Eboram
1742 3138 1812 3170 2.0
1831 3162 1840 3181 ‚
