2040 3476
773 242 820 281 26
845 242 1047 292 JANUARu
1077 242 1167 291 1562
1721 244 1792 293 615

856 496 858 498 ,
910 451 1023 492 126

636 541 679 577 P.
701 541 1024 578 BALTHASAR
1045 543 1293 580 ALVAREZ

396 626 646 670 PATRI
697 626 1199 672 HIERONYMO
1252 628 1535 673 NADAL

611 721 814 775 Abulae,
842 722 899 765 26
914 722 1120 780 Januarii
1148 724 1259 779 1562
1286 724 1315 768 ¹.

139 825 172 852 Ι.
197 816 436 863 Episcopum
454 817 509 852 ad
525 817 741 853 concilium
759 816 992 864 profectum
1007 817 1158 865 fuiss3:
1182 819 1230 854 de
1253 819 1427 855 discessu
1451 819 1501 854 Ρ.
1529 819 1718 855 Salazar:
1742 821 1791 856 de

209 875 260 911 Ρ.
282 875 427 911 Larez:
446 876 495 912 de
511 877 597 912 suis
613 877 957 913 ministeriis.—2.
977 877 1039 914 De
1058 878 1107 913 P.
1132 879 1335 914 Ludovico
1359 879 1406 915 de
1431 879 1599 915 Medina
1624 878 1788 926 ejusque

204 935 460 981 eleemosynis
477 936 646 984 collegio
662 937 869 984 elargitis:
887 937 1026 973 animo
1044 937 1179 974 alacri
1194 949 1234 974 se
1250 949 1331 974 esse
1356 939 1412 974 ad
1437 950 1595 975 crucem
1620 938 1791 975 Domini

206 997 544 1045 amplectendam.-
563 1009 655 1034 suos
672 997 851 1046 desectus
867 999 945 1034 sibi
960 999 1121 1046 aperiri
1137 1001 1312 1047 exoptat.

905 1076 1005 1172 Jli-s.

228 1202 341 1258 Muy
363 1201 479 1245 Rdo.
507 1201 656 1247 Padre
677 1215 735 1246 en
758 1200 957 1246 Christo,

229 1280 326 1324 Pax
348 1277 423 1324 X.i
465 1284 554 1324 etc.

229 1369 266 1400 1.
331 1313 542 1413 Despues
558 1370 647 1412 que
669 1357 725 1401 V.
749 1357 804 1400 R.
829 1370 878 1400 se
899 1355 1047 1414 partio
1068 1357 1197 1402 desta
1215 1356 1396 1411 cibdad,
1415 1357 1512 1402 solo
1529 1373 1556 1403 a
1572 1357 1708 1403 auido
1726 1359 1783 1403 de

132 1448 285 1479 nuevo
307 1434 350 1478 la
372 1433 447 1477 ida
467 1434 541 1478 del
561 1439 700 1478 senor
721 1433 881 1491 obispo
902 1448 1013 1491 para
1027 1434 1071 1478 01
1087 1434 1297 1491 concilio,
1319 1449 1408 1491 que
1423 1438 1573 1493 segon
1589 1450 1639 1480 se
1656 1435 1777 1490 dize,

129 1511 361 1567 lemanda
377 1516 746 1568 expressamente
767 1512 834 1556 Su
855 1511 1097 1569 Magestad
1117 1526 1167 1556 se
1189 1518 1318 1569 parta
1338 1513 1477 1570 luego
1499 1528 1585 1571 por
1608 1514 1716 1558 todo
1738 1514 1781 1560 01

130 1603 226 1634 mes
247 1603 338 1646 que
361 1588 510 1634 viene.
536 1589 605 1634 Lo
626 1602 717 1646 que
738 1603 798 1633 en
820 1592 880 1633 mi
903 1603 978 1646 ay,
1003 1603 1069 1644 eS‚
1094 1590 1224 1635 harta
1246 1595 1433 1635 ternura
1453 1591 1512 1636 de
1532 1591 1576 1635 la
1597 1591 1783 1649 partida

204 1763 215 1785 ¹
265 1761 326 1797 Ex
342 1761 599 1809 autographo,
617 1760 658 1797 in
675 1761 851 1809 Hispan.
872 1762 1002 1810 Epist.
1021 1761 1131 1807 1562,
1151 1762 1222 1807 IV,
1244 1761 1393 1811 duplici
1409 1762 1495 1811 fol„
1517 1764 1780 1813 108.—-Hujus

129 1821 321 1870 epistolae
338 1826 475 1858 auctor
491 1827 553 1858 est
571 1822 620 1858 V.
639 1822 684 1857 P.
704 1822 908 1859 Balthasar
926 1822 1110 1867 Alvarez,
1129 1821 1358 1859 notissimus
1375 1822 1442 1859 ille
1460 1823 1651 1871 magister
1670 1825 1782 1872 spiri-

127 1887 204 1927 tus,
225 1882 338 1929 cujus
355 1881 533 1918 doctrina
550 1886 591 1918 et
607 1881 783 1919 consiliis
808 1887 944 1918 sancta
959 1882 1150 1918 Theresia
1167 1893 1404 1931 magnopere
1429 1895 1472 1919 se
1488 1883 1667 1931 juvatam
1684 1884 1781 1922 fuis-

124 1954 168 1978 se
186 1942 347 1987 fatetur,
366 1947 407 1978 et
423 1942 536 1989 cujus
553 1954 617 1978 res
633 1947 770 1989 gestas
787 1942 832 1978 P.
849 1942 1074 1978 Ludovicus
1091 1941 1141 1978 de
1159 1943 1196 1978 la
1213 1943 1366 1979 Puente
1383 1942 1473 1979 fuse
1497 1949 1539 1980 et
1558 1945 1782 1982 luculenter

124 2007 356 2050 prosecutus
380 2007 455 2038 est.
481 2002 644 2038 Praeter
667 2002 746 2039 duo
770 2002 966 2049 examina,
990 2003 1040 2038 ab
1064 2002 1132 2039 illo
1155 2002 1196 2038 in
1219 2002 1447 2039 visitatione
1471 2004 1517 2040 P.
1542 2004 1668 2041 Nadal
1688 2017 1779 2042 con-

123 2061 285 2110 scripta,
315 2074 416 2110 quae
445 2062 510 2099 hic
534 2061 689 2110 integra
713 2062 962 2107 exhibemus,
987 2062 1093 2098 aliud
1123 2068 1350 2099 asservatur
1367 2063 1408 2100 in
1425 2063 1563 2100 codice
1594 2064 1646 2112 O,
1678 2065 1780 2101 infra

122 2122 399 2170 describendo,
418 2122 542 2170 ipsius
560 2135 678 2159 manu
697 2128 902 2159 exaratum
925 2122 1142 2159 secundum
1166 2122 1373 2160 formulam
1398 2123 1591 2160 examinis
1615 2136 1779 2171 genera-

122 2182 185 2229 lis,
207 2181 320 2219 initio
342 2182 527 2228 tirocinii;
552 2183 657 2231 quod
680 2195 770 2219 cum
793 2184 847 2220 nil
871 2183 955 2219 fere
978 2182 1180 2219 contineat
1201 2189 1357 2231 praeter
1380 2196 1442 2232 ea,
1462 2196 1563 2232 quae
1582 2184 1624 2220 in
1642 2196 1777 2232 supra-

121 2242 238 2279 dictis
256 2241 504 2278 examinibus
521 2243 732 2290 habentur,
751 2242 959 2280 brevitatis
975 2243 1103 2289 gratia
1120 2243 1184 2279 hic
1207 2243 1449 2280 omittemus.
1477 2244 1655 2280 Examen
1672 2256 1775 2281 com-

122 2313 254 2346 mune,
271 2300 384 2347 cujus
401 2300 609 2337 formulam
626 2302 749 2338 habes
766 2301 807 2338 in
830 2301 1063 2349 appendice,
1087 2313 1126 2337 n.
1153 2302 1241 2338 ΧΧ.
1268 2310 1327 2338 «1.
1356 2303 1561 2339 Balthasar
1587 2293 1772 2340 Alvarez.

120 2370 155 2398 2.
174 2362 273 2397 Para
291 2360 402 2397 Abril
420 2362 577 2409 cumplo
595 2360 640 2397 28
657 2364 766 2398 anos.
786 2360 822 2398 3.
842 2362 904 2397 De
922 2361 1100 2408 Casfilla,
1119 2361 1183 2397 del
1201 2362 1391 2409 obispado
1409 2362 1459 2398 de
1477 2363 1707 2410 Calahorra‚
1722 2363 1772 2399 de

121 2422 158 2457 la
174 2421 267 2458 villa
284 2420 333 2457 de
358 2421 532 2459 Cervera
548 2421 598 2457 de
617 2421 794 2468 Aguilar.
813 2431 850 2467 4.
872 2420 924 2457 Mi
942 2421 1091 2468 madre,
1114 2432 1220 2468 cre0‚
1239 2422 1346 2458 bive.
1375 2430 1410 2468 5.
1439 2422 1496 2458 Lo
1520 2434 1596 2470 que
1620 2423 1670 2458 ha
1694 2435 1773 2459 me-

120 2486 254 2517 nester
270 2481 377 2517 tiene
395 2482 673 2517 buenamente.
691 2481 728 2516 6.
749 2482 838 2528 Que
856 2493 917 2528 sy.
936 2489 972 2526 7.
993 2481 1056 2517 Vn
1080 2481 1268 2517 hermano
1285 2482 1429 2518 casado
1447 2481 1496 2518 de
1515 2482 1635 2529 padre
1648 2494 1675 2530 y
1693 2494 1773 2518 ma-

118 2540 203 2586 dre,
228 2545 313 2576 otro
339 2540 388 2576 de
412 2545 523 2588 parte
546 2540 596 2576 de
623 2540 758 2588 padre,
782 2552 859 2576 una
882 2541 1068 2576 hermana
1091 2540 1248 2587 casada,
1266 2553 1293 2588 y
1311 2546 1395 2577 otra
1414 2552 1465 2577 no
1484 2542 1521 2577 lo
1540 2544 1598 2577 se.
1618 2542 1772 2578 Tienen

118 2600 228 2636 todos
246 2601 284 2636 lo
300 2612 377 2648 que
391 2611 441 2636 an
459 2606 672 2646 menester,
692 2600 726 2636 si
744 2612 795 2637 no
812 2612 855 2636 es
875 2601 911 2636 01
929 2601 1116 2636 hermano
1134 2599 1183 2636 de
1202 2605 1312 2648 parte
1331 2601 1381 2637 de
1396 2601 1529 2648 padre.
1546 2601 1581 2636 8.
1599 2602 1690 2648 Que
1703 2613 1768 2638 no.

116 2670 153 2706 9.
172 2659 358 2704 Ninguna
375 2670 478 2696 cosa.
502 2668 558 2696 10.
577 2660 741 2696 Estudie
759 2665 872 2696 antes
890 2671 967 2708 que
986 2664 1143 2695 entrase
1155 2671 1205 2696 en
1219 2661 1256 2696 la
1270 2660 1487 2708 Compafiia
1501 2661 1613 2696 hasta
1628 2672 1681 2697 un
1694 2664 1769 2697 3ἦο

115 2718 165 2755 de
183 2719 396 2765 theologia.
420 2727 477 2755 11.
496 2719 572 2755 No.
595 2728 651 2755 12.
667 2719 862 2756 Mediana:
879 2724 960 2755 tres
974 2722 1070 2755 afios
1083 2730 1161 2767 que
1173 2721 1361 2766 cognosci
1376 2720 1411 2755 la
1427 2719 1643 2766 Comparu'a
1657 2725 1770 2757 antes

116 2790 193 2826 que
211 2784 390 2815 entrasse
409 2790 459 2815 en
472 2780 562 2824 ella,
581 2782 682 2815 trate
710 2779 760 2815 de
789 2779 1033 2815 confesarme
1059 2791 1086 2826 y
1111 2779 1231 2826 algl'm
1259 2791 1358 2827 poco
1384 2779 1434 2815 de
1460 2779 1765 2825 recogimiento.

118 2837 175 2874 13.
193 2838 294 2874 Hize
312 2851 366 2874 un
383 2843 475 2874 voto
492 2838 542 2874 de
558 2838 735 2875 castidad
752 2838 802 2874 de
822 2846 864 2884 15
884 2841 907 2874 ό
929 2839 970 2874 16
989 2841 1098 2874 afios.
1120 2846 1178 2884 14.
1198 2840 1318 2875 Entre
1337 2850 1412 2874 con
1430 2837 1551 2874 deseo
1577 2838 1628 2874 de
1652 2839 1770 2877 hazer

114 2897 363 2945 poenitencia
380 2898 485 2934 delo
504 2899 644 2933 mucho
661 2910 737 2945 que
756 2901 843 2933 avia
862 2897 1060 2933 offendido
1084 2900 1106 2932 a
1130 2898 1241 2933 Dios:
1269 2901 1379 2934 entre
1407 2908 1479 2933 con
1504 2897 1654 2943 grande
1678 2909 1768 2934 con-

115 2959 239 2993 suelo.
259 2959 318 2993 En
337 2958 474 2994 Alcala
496 2958 720 2994 recebi6me
744 2959 779 2994 01
805 2959 850 2994 P.
875 2958 991 2993 Mtro.
1017 2958 1188 3004 ManueI,
1215 2964 1344 2994 rector
1367 2958 1416 2993 de
1441 2958 1555 3004 aquel
1581 2957 1766 3004 collegio.

119 3023 176 3061 15.
195 3017 309 3052 Tube
328 3017 481 3053 intento
498 3017 548 3053 de
566 3018 682 3053 hazer
700 3018 738 3053 lo
755 3029 831 3064 que
849 3019 871 3052 a
889 3018 947 3053 los
964 3015 1189 3064 superiores
1207 3017 1442 3064 paresciese.
1463 3016 1519 3052 16.
1535 3017 1634 3052 Para
1652 3017 1767 3064 Mayo

117 3076 209 3114 abra
226 3083 249 3124 7
267 3079 375 3114 anos.
399 3084 455 3124 17.
476 3076 532 3113 Si:
552 3077 702 3115 hizelos
720 3081 896 3115 secretos
914 3077 1031 3126 lucgo
1049 3088 1126 3126 que
1143 3081 1300 3115 entrase
1318 3088 1367 3114 en
1387 3077 1423 3113 13
1441 3075 1671 3125 Compafiia,
1698 3079 1766 3125 pu-
