2106 3594
409 573 509 612 Cum
533 587 645 624 opus,
670 575 733 611 cui
757 575 894 611 titulus
918 581 997 611 est:
1024 574 1229 622 Epistolae
1254 574 1303 610 P.
1329 574 1569 621 Hieronymi
1591 573 1743 617 Nadal,
1770 574 1978 612 Societatis

328 635 444 682 Jesu,
464 637 513 671 ab
530 648 638 671 anno
655 636 755 681 1546
772 637 826 671 ad
843 646 947 681 1577,
966 648 1074 671 nunc
1086 636 1272 683 primum
1290 636 1420 671 editae
1438 638 1475 671 et
1492 635 1724 671 illustratae
1742 647 1767 670 a
1787 635 1980 672 Patribus

334 695 512 741 ejusdem
533 696 753 738 Societatis,
774 695 892 743 aliqui
907 695 1083 742 ejusdem
1103 694 1313 731 Societatis
1329 695 1547 742 revisores,
1562 695 1708 743 quibus
1733 695 1772 731 id
1797 696 1978 731 commis-

334 767 422 791 sum
440 756 534 801 fuit,
549 756 854 802 recognoverint
871 761 910 791 et
929 756 968 791 in
986 756 1115 791 lucem
1134 755 1197 791 edi
1215 767 1331 803 posse
1350 755 1620 803 probaverint,
1639 755 1867 792 facultatem
1885 768 1977 792 con-

334 815 510 852 cedimus
529 822 571 852 ut
590 817 695 863 typis
714 816 934 863 mandetur,
954 816 987 851 si
1005 815 1059 851 ita
1077 816 1145 862 iis,
1165 816 1214 852 ad
1231 827 1329 864 quos
1347 815 1538 863 pertinet,
1559 815 1771 852 videbitur.

404 877 449 912 In
467 888 630 923 quorum
648 876 765 912 fidem
779 877 848 911 has
868 876 1034 923 litteras,
1051 888 1165 912 manu
1180 882 1313 912 nostra
1327 876 1586 923 subscriptas,
1601 882 1641 912 et
1655 876 1786 923 sigillo
1804 876 1976 913 muneris

333 937 457 972 nostri
475 937 659 981 munitas,
674 936 867 972 dedimus.

406 996 553 1031 Matriti
567 1023 576 1040 ‚
595 996 658 1032 die
678 995 723 1031 23
742 996 849 1042 Junii
871 995 975 1041 1898.

1380 1056 1574 1102 JACOBUS
1593 1055 1716 1100 Vico,

1337 1117 1488 1163 Praep.
1513 1117 1633 1168 ,va’
1662 1116 1784 1151 Tolet.

1163 1525 1422 1574 Imprimatur.

403 1587 562 1634 Matriti,
582 1586 645 1622 die
665 1596 709 1632 24
729 1586 835 1633 Junii
858 1586 960 1632 1898.

852 1648 880 1693 †
898 1647 1117 1693 JOSEPHUS
1137 1647 1293 1692 MARlA,
1314 1645 1877 1694 Archiepiscopus—-Episcopus

1106 1707 1303 1743 Matriten.
1325 1713 1365 1743 et
1383 1707 1635 1755 Compluten.

751 2128 1190 2172 PROTESTATIO
1226 2128 1552 2172 EDITORUM

397 2249 452 2285 Ut
470 2248 624 2294 legibus
642 2249 692 2283 ab
710 2249 872 2284 Urbano
896 2247 1011 2292 VIII,
1037 2259 1189 2284 summo
1213 2247 1418 2294 pontifice,
1437 2247 1501 2283 die
1518 2245 1562 2282 13
1580 2246 1710 2283 Martii
1731 2247 1841 2292 1625,
1860 2255 1882 2292 5
1900 2245 1982 2294 Ju-'

290 2328 293 2330 v
324 2308 380 2344 nii
413 2308 517 2354 1631,
549 2315 642 2355 etc.,
673 2308 776 2350 latis,
808 2319 853 2343 ac
877 2307 1020 2343 Sacrae
1049 2307 1212 2344 Rituum
1242 2307 1572 2354 Congregationis
1598 2307 1768 2343 decretis
1786 2306 1966 2351 satisfiat,

323 2368 495 2403 editores
530 2369 761 2415 profitentur
793 2379 1063 2415 quaecumque
1096 2369 1137 2404 in
1165 2371 1239 2406 hoc
1270 2380 1388 2416 opere
1422 2368 1471 2404 de
1505 2367 1706 2403 hominum
1737 2366 1964 2412 virtutibus,

321 2427 532 2474 miraculis,
550 2428 874 2474 revelationibus,
893 2428 1057 2475 aliisque
1082 2434 1244 2464 naturae
1274 2428 1354 2463 vim
1384 2433 1425 2463 et
1453 2427 1719 2463 conditionem
1749 2425 1966 2473 superanti-

322 2489 410 2534 bus,
429 2487 665 2534 referuntur,
684 2489 739 2524 ita
757 2500 799 2523 se
818 2489 921 2524 velle
947 2488 1132 2535 intelligi,
1160 2494 1203 2524 ut
1228 2500 1250 2524 a
1276 2488 1428 2536 privata
1450 2492 1602 2524 tantum
1627 2485 1860 2522 auctoritate
1877 2496 1964 2533 pro-

321 2547 438 2593 fecta,
458 2553 498 2584 et
515 2549 683 2583 humana
701 2553 853 2584 tantum
869 2548 946 2584 fide
964 2548 1084 2595 digna
1101 2555 1191 2585 esse
1207 2553 1457 2594 censeantur,
1483 2547 1559 2583 nisi
1584 2551 1743 2582 sanctae
1761 2544 1962 2581 Ecclesiae

322 2607 604 2655 approbatione
622 2607 914 2644 confirmentur.
1935 2598 1938 2602 ¹
