<?xml version="1.0" encoding="UTF-8"?>
<!DOCTYPE html PUBLIC "-//W3C//DTD XHTML 1.0 Transitional//EN"
    "http://www.w3.org/TR/xhtml1/DTD/xhtml1-transitional.dtd">
<html xmlns="http://www.w3.org/1999/xhtml" xml:lang="en" lang="en">
 <head>
  <title>
</title>
<meta http-equiv="Content-Type" content="text/html;charset=utf-8" />
  <meta name='ocr-system' content='tesseract 3.04.00' />
  <meta name='ocr-capabilities' content='ocr_page ocr_carea ocr_par ocr_line ocrx_word'/>
</head>
<body>
  <div class='ocr_page' id='page_1' title='image "./epistolaephieron01nadauoft_0142.png"; bbox 0 0 2098 3484; ppageno 0'>
   <div class='ocr_carea' id='block_1_1' title="bbox 280 229 1388 277">
    <p class='ocr_par' dir='ltr' id='par_1_1' title="bbox 280 229 1388 277">
     <span class='ocr_line' id='line_1_1' title="bbox 280 229 1388 277; baseline -0.002 -10"><span class='ocrx_word' id='word_1_1' title='bbox 280 231 329 277; x_wconf 87' lang='lat'><em>64</em></span> <span class='ocrx_word' id='word_1_2' title='bbox 834 232 973 267; x_wconf 77' lang='lat' dir='ltr'><em>EPJST.</em></span> <span class='ocrx_word' id='word_1_3' title='bbox 1002 232 1046 267; x_wconf 91' lang='lat' dir='ltr'><em>P.</em></span> <span class='ocrx_word' id='word_1_4' title='bbox 1074 229 1388 266; x_wconf 58' lang='lat' dir='ltr'>NADAL—1243</span> 
     </span>
    </p>
   </div>
   <div class='ocr_carea' id='block_1_2' title="bbox 763 457 1460 613">
    <p class='ocr_par' dir='ltr' id='par_1_2' title="bbox 763 457 1460 613">
     <span class='ocr_line' id='line_1_2' title="bbox 1079 457 1152 498; baseline -0.027 0"><span class='ocrx_word' id='word_1_5' title='bbox 1079 457 1152 498; x_wconf 59' lang='lat'><em>1⁶2</em></span> 
     </span>
     <span class='ocr_line' id='line_1_3' title="bbox 763 562 1460 613; baseline -0.001 -11"><span class='ocrx_word' id='word_1_6' title='bbox 763 567 807 602; x_wconf 88' lang='lat' dir='ltr'><em>P.</em></span> <span class='ocrx_word' id='word_1_7' title='bbox 837 565 1081 613; x_wconf 88' lang='lat' dir='ltr'>JOANNES</span> <span class='ocrx_word' id='word_1_8' title='bbox 1108 566 1178 601; x_wconf 93' lang='lat' dir='ltr'><em>DE</em></span> <span class='ocrx_word' id='word_1_9' title='bbox 1204 562 1460 602; x_wconf 84' lang='lat' dir='ltr'>POLANCO</span> 
     </span>
    </p>
   </div>
   <div class='ocr_carea' id='block_1_3' title="bbox 919 660 1304 707">
    <p class='ocr_par' dir='ltr' id='par_1_3' title="bbox 919 660 1304 707">
     <span class='ocr_line' id='line_1_4' title="bbox 919 660 1304 707; baseline -0.005 -10"><span class='ocrx_word' id='word_1_10' title='bbox 919 661 1078 697; x_wconf 91' lang='lat' dir='ltr'><em>nomine</em></span> <span class='ocrx_word' id='word_1_11' title='bbox 1099 662 1139 696; x_wconf 91' lang='lat' dir='ltr'><em>S.</em></span> <span class='ocrx_word' id='word_1_12' title='bbox 1158 660 1304 707; x_wconf 86' lang='lat' dir='ltr'><em>Ignatii</em></span> 
     </span>
    </p>
   </div>
   <div class='ocr_carea' id='block_1_4' title="bbox 707 757 1519 924">
    <p class='ocr_par' dir='ltr' id='par_1_4' title="bbox 707 757 1519 924">
     <span class='ocr_line' id='line_1_5' title="bbox 707 757 1519 802; baseline -0.002 0"><span class='ocrx_word' id='word_1_13' title='bbox 707 760 767 802; x_wconf 90' lang='lat' dir='ltr'><em>P.</em></span> <span class='ocrx_word' id='word_1_14' title='bbox 806 758 1239 802; x_wconf 88' lang='lat' dir='ltr'><strong>HIERONYMO</strong></span> <span class='ocrx_word' id='word_1_15' title='bbox 1272 757 1519 800; x_wconf 90' lang='lat' dir='ltr'><strong>NADAL</strong></span> 
     </span>
     <span class='ocr_line' id='line_1_6' title="bbox 832 866 1391 924; baseline -0.005 -13"><span class='ocrx_word' id='word_1_16' title='bbox 832 869 1019 920; x_wconf 88' lang='lat' dir='ltr'><em>Romae,</em></span> <span class='ocrx_word' id='word_1_17' title='bbox 1046 866 1199 924; x_wconf 82' lang='lat' dir='ltr'><em>6Ju1ii</em></span> <span class='ocrx_word' id='word_1_18' title='bbox 1229 876 1341 923; x_wconf 81' lang='lat'>1549</span> <span class='ocrx_word' id='word_1_19' title='bbox 1362 867 1391 909; x_wconf 85' lang='lat'><em>¹.</em></span> 
     </span>
    </p>
   </div>
   <div class='ocr_carea' id='block_1_5' title="bbox 284 991 1944 1402">
    <p class='ocr_par' dir='ltr' id='par_1_5' title="bbox 284 991 1944 1282">
     <span class='ocr_line' id='line_1_7' title="bbox 284 991 1941 1043; baseline -0.001 -12"><span class='ocrx_word' id='word_1_20' title='bbox 284 995 396 1031; x_wconf 89' lang='lat' dir='ltr'><em>Haec</em></span> <span class='ocrx_word' id='word_1_21' title='bbox 413 995 539 1043; x_wconf 85' lang='lat' dir='ltr'><em>longa</em></span> <span class='ocrx_word' id='word_1_22' title='bbox 556 995 740 1043; x_wconf 85' lang='lat' dir='ltr'><em>epistola,</em></span> <span class='ocrx_word' id='word_1_23' title='bbox 765 994 925 1030; x_wconf 83' lang='lat' dir='ltr'><em>civitati</em></span> <span class='ocrx_word' id='word_1_24' title='bbox 947 993 1193 1029; x_wconf 84' lang='lat' dir='ltr'><em>messanensi</em></span> <span class='ocrx_word' id='word_1_25' title='bbox 1216 992 1475 1034; x_wconf 78' lang='lat' dir='ltr'><em>ostendenda,</em></span> <span class='ocrx_word' id='word_1_26' title='bbox 1500 992 1556 1027; x_wconf 86' lang='lat' dir='ltr'><em>ad</em></span> <span class='ocrx_word' id='word_1_27' title='bbox 1578 992 1628 1027; x_wconf 94' lang='lat' dir='ltr'><em>P.</em></span> <span class='ocrx_word' id='word_1_28' title='bbox 1653 991 1792 1028; x_wconf 87' lang='lat' dir='ltr'><em>Nadal</em></span> <span class='ocrx_word' id='word_1_29' title='bbox 1814 993 1941 1029; x_wconf 79' lang='lat' dir='ltr'><em>missa</em></span> 
     </span>
     <span class='ocr_line' id='line_1_8' title="bbox 347 1052 1940 1103; baseline -0.002 -12"><span class='ocrx_word' id='word_1_30' title='bbox 347 1054 454 1103; x_wconf 85' lang='lat' dir='ltr'><em>fuit.</em></span> <span class='ocrx_word' id='word_1_31' title='bbox 474 1055 524 1091; x_wconf 81' lang='lat' dir='ltr'><em>In</em></span> <span class='ocrx_word' id='word_1_32' title='bbox 547 1066 595 1090; x_wconf 83' lang='lat' dir='ltr'><em>ea</em></span> <span class='ocrx_word' id='word_1_33' title='bbox 617 1055 902 1102; x_wconf 77' lang='lat' dir='ltr'><em>expenduntur</em></span> <span class='ocrx_word' id='word_1_34' title='bbox 926 1053 1119 1095; x_wconf 85' lang='lat' dir='ltr'><em>rationes,</em></span> <span class='ocrx_word' id='word_1_35' title='bbox 1145 1052 1287 1098; x_wconf 86' lang='lat' dir='ltr'><em>quibus</em></span> <span class='ocrx_word' id='word_1_36' title='bbox 1310 1052 1514 1087; x_wconf 81' lang='lat' dir='ltr'><strong><em>evincitur</em></strong></span> <span class='ocrx_word' id='word_1_37' title='bbox 1530 1054 1729 1098; x_wconf 84' lang='lat' dir='ltr'><em>quantum</em></span> <span class='ocrx_word' id='word_1_38' title='bbox 1753 1053 1940 1100; x_wconf 85' lang='lat' dir='ltr'><em>expediat</em></span> 
     </span>
     <span class='ocr_line' id='line_1_9' title="bbox 356 1112 1944 1164; baseline -0.001 -13"><span class='ocrx_word' id='word_1_39' title='bbox 356 1115 423 1151; x_wconf 83' lang='lat' dir='ltr'><em>illi</em></span> <span class='ocrx_word' id='word_1_40' title='bbox 439 1115 598 1151; x_wconf 80' lang='lat' dir='ltr'><em>civitati</em></span> <span class='ocrx_word' id='word_1_41' title='bbox 618 1114 809 1151; x_wconf 81' lang='lat' dir='ltr'><em>Societati</em></span> <span class='ocrx_word' id='word_1_42' title='bbox 826 1114 1072 1164; x_wconf 81' lang='lat' dir='ltr'><em>committere</em></span> <span class='ocrx_word' id='word_1_43' title='bbox 1091 1113 1275 1160; x_wconf 83' lang='lat' dir='ltr'><em>regimen</em></span> <span class='ocrx_word' id='word_1_44' title='bbox 1290 1112 1587 1148; x_wconf 79' lang='lat' dir='ltr'><em>universitatis.</em></span> <span class='ocrx_word' id='word_1_45' title='bbox 1599 1112 1755 1161; x_wconf 84' lang='lat' dir='ltr'><em>Agitur</em></span> <span class='ocrx_word' id='word_1_46' title='bbox 1771 1113 1944 1161; x_wconf 80' lang='lat' dir='ltr'><em>insuper</em></span> 
     </span>
     <span class='ocr_line' id='line_1_10' title="bbox 355 1172 1940 1222; baseline -0.001 -11"><span class='ocrx_word' id='word_1_47' title='bbox 355 1176 403 1211; x_wconf 88' lang='lat' dir='ltr'><em>de</em></span> <span class='ocrx_word' id='word_1_48' title='bbox 419 1186 591 1211; x_wconf 85' lang='lat' dir='ltr'><em>numero</em></span> <span class='ocrx_word' id='word_1_49' title='bbox 615 1175 929 1222; x_wconf 86' lang='lat' dir='ltr'><em>magistrorum,</em></span> <span class='ocrx_word' id='word_1_50' title='bbox 954 1176 992 1209; x_wconf 92' lang='lat' dir='ltr'><em>et</em></span> <span class='ocrx_word' id='word_1_51' title='bbox 1014 1173 1225 1220; x_wconf 80' lang='lat' dir='ltr'><em>speciatim</em></span> <span class='ocrx_word' id='word_1_52' title='bbox 1249 1173 1297 1207; x_wconf 92' lang='lat' dir='ltr'><em>de</em></span> <span class='ocrx_word' id='word_1_53' title='bbox 1320 1173 1522 1220; x_wconf 85' lang='lat' dir='ltr'><em>magistro</em></span> <span class='ocrx_word' id='word_1_54' title='bbox 1546 1172 1703 1208; x_wconf 87' lang='lat' dir='ltr'><em>artium</em></span> <span class='ocrx_word' id='word_1_55' title='bbox 1727 1173 1940 1215; x_wconf 74' lang='lat' dir='ltr'><em>mittendo.</em></span> 
     </span>
     <span class='ocr_line' id='line_1_11' title="bbox 356 1232 1938 1282; baseline -0.001 -11"><span class='ocrx_word' id='word_1_56' title='bbox 356 1236 513 1271; x_wconf 84' lang='lat' dir='ltr'><em>Domus</em></span> <span class='ocrx_word' id='word_1_57' title='bbox 536 1235 790 1282; x_wconf 84' lang='lat' dir='ltr'><em>probationis</em></span> <span class='ocrx_word' id='word_1_58' title='bbox 819 1234 1093 1270; x_wconf 83' lang='lat' dir='ltr'><em>instituendae</em></span> <span class='ocrx_word' id='word_1_59' title='bbox 1118 1233 1375 1280; x_wconf 87' lang='lat' dir='ltr'><em>propositum</em></span> <span class='ocrx_word' id='word_1_60' title='bbox 1406 1232 1672 1280; x_wconf 80' lang='lat' dir='ltr'><em>approbatur,</em></span> <span class='ocrx_word' id='word_1_61' title='bbox 1691 1233 1938 1269; x_wconf 84' lang='lat' dir='ltr'><em>desiderium</em></span> 
     </span>
    </p>

    <p class='ocr_par' dir='ltr' id='par_1_6' title="bbox 294 1292 1944 1402">
     <span class='ocr_line' id='line_1_12' title="bbox 294 1292 1944 1341; baseline -0.001 -9"><span class='ocrx_word' id='word_1_62' title='bbox 294 1296 297 1298; x_wconf 77' lang='grc'><strong>’</strong></span> <span class='ocrx_word' id='word_1_63' title='bbox 357 1296 444 1331; x_wconf 76' lang='lat' dir='ltr'><em>P.is</em></span> <span class='ocrx_word' id='word_1_64' title='bbox 460 1295 599 1332; x_wconf 85' lang='lat' dir='ltr'><em>Nadal</em></span> <span class='ocrx_word' id='word_1_65' title='bbox 622 1295 678 1330; x_wconf 90' lang='lat' dir='ltr'><em>ibi</em></span> <span class='ocrx_word' id='word_1_66' title='bbox 699 1293 980 1330; x_wconf 81' lang='lat' dir='ltr'><em>commorandi</em></span> <span class='ocrx_word' id='word_1_67' title='bbox 1003 1293 1217 1335; x_wconf 86' lang='lat' dir='ltr'><em>laudatur,</em></span> <span class='ocrx_word' id='word_1_68' title='bbox 1243 1293 1438 1328; x_wconf 81' lang='lat' dir='ltr'><em>innuitur</em></span> <span class='ocrx_word' id='word_1_69' title='bbox 1461 1295 1599 1328; x_wconf 81' lang='lat' dir='ltr'><em>tamen</em></span> <span class='ocrx_word' id='word_1_70' title='bbox 1621 1292 1768 1329; x_wconf 87' lang='lat' dir='ltr'><em>melius</em></span> <span class='ocrx_word' id='word_1_71' title='bbox 1783 1293 1880 1341; x_wconf 90' lang='lat' dir='ltr'><em>fore</em></span> <span class='ocrx_word' id='word_1_72' title='bbox 1903 1294 1944 1330; x_wconf 77' lang='lat' dir='ltr'><em>si</em></span> 
     </span>
     <span class='ocr_line' id='line_1_13' title="bbox 357 1352 1716 1402; baseline -0.003 -10"><span class='ocrx_word' id='word_1_73' title='bbox 357 1357 546 1392; x_wconf 86' lang='lat' dir='ltr'><em>Andreas</em></span> <span class='ocrx_word' id='word_1_74' title='bbox 563 1355 608 1391; x_wconf 89' lang='lat' dir='ltr'><em>in</em></span> <span class='ocrx_word' id='word_1_75' title='bbox 625 1355 744 1390; x_wconf 88' lang='lat' dir='ltr'><em>domo</em></span> <span class='ocrx_word' id='word_1_76' title='bbox 756 1354 1025 1402; x_wconf 78' lang='lat' dir='ltr'><em>probationis,</em></span> <span class='ocrx_word' id='word_1_77' title='bbox 1046 1355 1082 1388; x_wconf 90' lang='lat' dir='ltr'><em>et</em></span> <span class='ocrx_word' id='word_1_78' title='bbox 1101 1352 1239 1389; x_wconf 84' lang='lat' dir='ltr'><em>Nadal</em></span> <span class='ocrx_word' id='word_1_79' title='bbox 1255 1354 1300 1388; x_wconf 85' lang='lat' dir='ltr'><em>in</em></span> <span class='ocrx_word' id='word_1_80' title='bbox 1317 1352 1490 1400; x_wconf 86' lang='lat' dir='ltr'><em>collegio</em></span> <span class='ocrx_word' id='word_1_81' title='bbox 1507 1353 1671 1400; x_wconf 85' lang='lat' dir='ltr'><em>degeret</em></span> <span class='ocrx_word' id='word_1_82' title='bbox 1686 1354 1716 1387; x_wconf 76' lang='lat'><em>².</em></span> 
     </span>
    </p>
   </div>
   <div class='ocr_carea' id='block_1_6' title="bbox 574 1574 1649 1829">
    <p class='ocr_par' dir='ltr' id='par_1_7' title="bbox 574 1574 1649 1829">
     <span class='ocr_line' id='line_1_14' title="bbox 1080 1574 1152 1614; baseline 0 0"><span class='ocrx_word' id='word_1_83' title='bbox 1080 1574 1152 1614; x_wconf 78' lang='lat'><em>13</em></span> 
     </span>
     <span class='ocr_line' id='line_1_15' title="bbox 724 1683 1494 1728; baseline -0.001 -1"><span class='ocrx_word' id='word_1_84' title='bbox 724 1686 778 1727; x_wconf 90' lang='lat' dir='ltr'><em>P.</em></span> <span class='ocrx_word' id='word_1_85' title='bbox 815 1684 1234 1728; x_wconf 88' lang='lat' dir='ltr'>HIERONYMUS</span> <span class='ocrx_word' id='word_1_86' title='bbox 1273 1683 1494 1727; x_wconf 91' lang='lat' dir='ltr'><strong>NADAL</strong></span> 
     </span>
     <span class='ocr_line' id='line_1_16' title="bbox 574 1789 1649 1829; baseline -0.001 -2"><span class='ocrx_word' id='word_1_87' title='bbox 574 1790 848 1828; x_wconf 88' lang='lat' dir='ltr'><strong>SANCTO</strong></span> <span class='ocrx_word' id='word_1_88' title='bbox 891 1789 1194 1828; x_wconf 82' lang='lat' dir='ltr'>IGNATIO</span> <span class='ocrx_word' id='word_1_89' title='bbox 1238 1791 1320 1826; x_wconf 86' lang='lat' dir='ltr'><em>DE</em></span> <span class='ocrx_word' id='word_1_90' title='bbox 1370 1789 1649 1829; x_wconf 83' lang='lat' dir='ltr'>LOYOLA</span> 
     </span>
    </p>
   </div>
   <div class='ocr_carea' id='block_1_7' title="bbox 727 1886 1500 1945">
    <p class='ocr_par' dir='ltr' id='par_1_8' title="bbox 727 1886 1500 1945">
     <span class='ocr_line' id='line_1_17' title="bbox 727 1886 1500 1945; baseline -0.001 -13"><span class='ocrx_word' id='word_1_91' title='bbox 727 1890 982 1941; x_wconf 82' lang='lat' dir='ltr'><em>Messanae,</em></span> <span class='ocrx_word' id='word_1_92' title='bbox 1009 1901 1165 1931; x_wconf 89' lang='lat' dir='ltr'><em>mense</em></span> <span class='ocrx_word' id='word_1_93' title='bbox 1180 1886 1305 1945; x_wconf 87' lang='lat' dir='ltr'><em>Julio</em></span> <span class='ocrx_word' id='word_1_94' title='bbox 1334 1897 1446 1945; x_wconf 84' lang='lat'>1549</span> <span class='ocrx_word' id='word_1_95' title='bbox 1469 1888 1500 1931; x_wconf 80' lang='lat'><em>³.</em></span> 
     </span>
    </p>
   </div>
   <div class='ocr_carea' id='block_1_8' title="bbox 1005 1997 1215 2042">
    <p class='ocr_par' dir='ltr' id='par_1_9' title="bbox 1005 1997 1215 2042">
     <span class='ocr_line' id='line_1_18' title="bbox 1005 1997 1215 2042; baseline -0.005 -11"><span class='ocrx_word' id='word_1_96' title='bbox 1005 1997 1201 2042; x_wconf 87' lang='lat' dir='ltr'><em>Excerpta</em></span> <span class='ocrx_word' id='word_1_97' title='bbox 1207 2022 1215 2030; x_wconf 87' lang='lat'><em>.</em></span> 
     </span>
    </p>
   </div>
   <div class='ocr_carea' id='block_1_9' title="bbox 285 2097 1943 2204">
    <p class='ocr_par' dir='ltr' id='par_1_10' title="bbox 285 2097 1943 2204">
     <span class='ocr_line' id='line_1_19' title="bbox 285 2097 1943 2146; baseline 0 -11"><span class='ocrx_word' id='word_1_98' title='bbox 285 2110 319 2135; x_wconf 87' lang='lat'><em>1.</em></span> <span class='ocrx_word' id='word_1_99' title='bbox 349 2099 542 2135; x_wconf 86' lang='lat' dir='ltr'><em>Sacerdos</em></span> <span class='ocrx_word' id='word_1_100' title='bbox 559 2098 727 2144; x_wconf 85' lang='lat' dir='ltr'><em>quidam</em></span> <span class='ocrx_word' id='word_1_101' title='bbox 746 2110 772 2132; x_wconf 91' lang='lat' dir='ltr'><em>a</em></span> <span class='ocrx_word' id='word_1_102' title='bbox 799 2098 846 2132; x_wconf 84' lang='lat' dir='ltr'><em>P.</em></span> <span class='ocrx_word' id='word_1_103' title='bbox 866 2098 933 2133; x_wconf 87' lang='lat' dir='ltr'><em>des</em></span> <span class='ocrx_word' id='word_1_104' title='bbox 951 2098 1087 2132; x_wconf 83' lang='lat' dir='ltr'><em>Freux</em></span> <span class='ocrx_word' id='word_1_105' title='bbox 1105 2097 1292 2143; x_wconf 88' lang='lat' dir='ltr'><em>(Frusio)</em></span> <span class='ocrx_word' id='word_1_106' title='bbox 1317 2097 1372 2132; x_wconf 87' lang='lat' dir='ltr'><em>ad</em></span> <span class='ocrx_word' id='word_1_107' title='bbox 1395 2098 1605 2133; x_wconf 86' lang='lat' dir='ltr'><em>meliorem</em></span> <span class='ocrx_word' id='word_1_108' title='bbox 1620 2097 1798 2146; x_wconf 88' lang='lat' dir='ltr'><em>frugem</em></span> <span class='ocrx_word' id='word_1_109' title='bbox 1821 2100 1943 2135; x_wconf 85' lang='lat' dir='ltr'><em>redu—</em></span> 
     </span>
     <span class='ocr_line' id='line_1_20' title="bbox 393 2157 1831 2204; baseline 0 -10"><span class='ocrx_word' id='word_1_110' title='bbox 393 2161 581 2194; x_wconf 88' lang='lat' dir='ltr'><em>ctus.—2.</em></span> <span class='ocrx_word' id='word_1_111' title='bbox 608 2158 670 2193; x_wconf 88' lang='lat' dir='ltr'><em>De</em></span> <span class='ocrx_word' id='word_1_112' title='bbox 688 2158 785 2193; x_wconf 80' lang='lat' dir='ltr'><em>aliis</em></span> <span class='ocrx_word' id='word_1_113' title='bbox 802 2157 851 2192; x_wconf 83' lang='lat' dir='ltr'><em>ab</em></span> <span class='ocrx_word' id='word_1_114' title='bbox 868 2158 955 2204; x_wconf 93' lang='lat' dir='ltr'><em>ipso</em></span> <span class='ocrx_word' id='word_1_115' title='bbox 973 2157 1018 2192; x_wconf 84' lang='lat' dir='ltr'><em>in</em></span> <span class='ocrx_word' id='word_1_116' title='bbox 1035 2157 1205 2192; x_wconf 83' lang='lat' dir='ltr'><em>dioecesi</em></span> <span class='ocrx_word' id='word_1_117' title='bbox 1217 2157 1404 2204; x_wconf 86' lang='lat' dir='ltr'><em>pactensi</em></span> <span class='ocrx_word' id='word_1_118' title='bbox 1421 2157 1485 2201; x_wconf 92' lang='lat' dir='ltr'><em>(de</em></span> <span class='ocrx_word' id='word_1_119' title='bbox 1503 2157 1625 2202; x_wconf 91' lang='lat' dir='ltr'><em>Patti)</em></span> <span class='ocrx_word' id='word_1_120' title='bbox 1637 2158 1831 2204; x_wconf 86' lang='lat' dir='ltr'><em>peractis.</em></span> 
     </span>
    </p>
   </div>
   <div class='ocr_carea' id='block_1_10' title="bbox 383 2271 1939 2328">
    <p class='ocr_par' dir='ltr' id='par_1_11' title="bbox 383 2271 1939 2328">
     <span class='ocr_line' id='line_1_21' title="bbox 383 2271 1939 2328; baseline -0.001 -12"><span class='ocrx_word' id='word_1_121' title='bbox 383 2286 419 2317; x_wconf 92' lang='lat'><em>1.</em></span> <span class='ocrx_word' id='word_1_122' title='bbox 484 2272 601 2316; x_wconf 86' lang='lat' dir='ltr'><em>Dize</em></span> <span class='ocrx_word' id='word_1_123' title='bbox 622 2287 726 2328; x_wconf 90' lang='lat' dir='ltr'><em>que,</em></span> <span class='ocrx_word' id='word_1_124' title='bbox 753 2272 904 2327; x_wconf 88' lang='lat' dir='ltr'><em>yendo</em></span> <span class='ocrx_word' id='word_1_125' title='bbox 938 2273 1137 2315; x_wconf 88' lang='lat' dir='ltr'><em>Maestro</em></span> <span class='ocrx_word' id='word_1_126' title='bbox 1160 2272 1348 2315; x_wconf 89' lang='lat' dir='ltr'><em>Andrea</em></span> <span class='ocrx_word' id='word_1_127' title='bbox 1370 2271 1386 2292; x_wconf 78' lang='lat'><strong>⁴</strong></span> <span class='ocrx_word' id='word_1_128' title='bbox 1409 2275 1436 2315; x_wconf 76' lang='lat' dir='ltr'><em>a</em></span> <span class='ocrx_word' id='word_1_129' title='bbox 1457 2271 1501 2315; x_wconf 90' lang='lat' dir='ltr'><em>la</em></span> <span class='ocrx_word' id='word_1_130' title='bbox 1533 2271 1667 2316; x_wconf 88' lang='lat' dir='ltr'><em>visita</em></span> <span class='ocrx_word' id='word_1_131' title='bbox 1694 2273 1753 2315; x_wconf 92' lang='lat' dir='ltr'><em>de</em></span> <span class='ocrx_word' id='word_1_132' title='bbox 1775 2272 1878 2316; x_wconf 89' lang='lat' dir='ltr'><em>Pati</em></span> <span class='ocrx_word' id='word_1_133' title='bbox 1903 2274 1939 2327; x_wconf 77' lang='lat'><em>⁵,</em></span> 
     </span>
    </p>
   </div>
   <div class='ocr_carea' id='block_1_11' title="bbox 292 2369 559 2373">
    <p class='ocr_par' dir='ltr' id='par_1_12' title="bbox 292 2369 559 2373">
     <span class='ocr_line' id='line_1_22' title="bbox 292 2369 559 2373; baseline 0 0"><span class='ocrx_word' id='word_1_134' title='bbox 292 2369 559 2373; x_wconf 95' lang='lat' dir='ltr'><em> </em></span> 
     </span>
    </p>
   </div>
   <div class='ocr_carea' id='block_1_12' title="bbox 287 2403 1985 3111">
    <p class='ocr_par' dir='ltr' id='par_1_13' title="bbox 288 2403 1944 2571">
     <span class='ocr_line' id='line_1_23' title="bbox 363 2403 1944 2451; baseline 0.001 -11"><span class='ocrx_word' id='word_1_135' title='bbox 363 2407 374 2428; x_wconf 88' lang='lat'>¹</span> <span class='ocrx_word' id='word_1_136' title='bbox 425 2404 527 2441; x_wconf 92' lang='lat' dir='ltr'><em>Cum</em></span> <span class='ocrx_word' id='word_1_137' title='bbox 545 2405 645 2440; x_wconf 92' lang='lat' dir='ltr'><em>hanc</em></span> <span class='ocrx_word' id='word_1_138' title='bbox 663 2403 872 2451; x_wconf 89' lang='lat' dir='ltr'><em>epistolam</em></span> <span class='ocrx_word' id='word_1_139' title='bbox 889 2414 967 2439; x_wconf 91' lang='lat' dir='ltr'><em>non</em></span> <span class='ocrx_word' id='word_1_140' title='bbox 985 2404 1216 2448; x_wconf 86' lang='lat' dir='ltr'><em>habeamus,</em></span> <span class='ocrx_word' id='word_1_141' title='bbox 1235 2403 1359 2451; x_wconf 92' lang='lat' dir='ltr'><em>ipsius</em></span> <span class='ocrx_word' id='word_1_142' title='bbox 1377 2409 1654 2450; x_wconf 87' lang='lat' dir='ltr'><em>argumentum</em></span> <span class='ocrx_word' id='word_1_143' title='bbox 1671 2404 1735 2440; x_wconf 89' lang='lat' dir='ltr'><em>hic</em></span> <span class='ocrx_word' id='word_1_144' title='bbox 1753 2405 1944 2442; x_wconf 82' lang='lat' dir='ltr'><em>exhibere</em></span> 
     </span>
     <span class='ocr_line' id='line_1_24' title="bbox 288 2463 1944 2512; baseline -0.001 -10"><span class='ocrx_word' id='word_1_145' title='bbox 288 2465 471 2509; x_wconf 90' lang='lat' dir='ltr'><em>sufficiat,</em></span> <span class='ocrx_word' id='word_1_146' title='bbox 490 2477 541 2500; x_wconf 88' lang='lat' dir='ltr'><em>ex</em></span> <span class='ocrx_word' id='word_1_147' title='bbox 558 2465 727 2512; x_wconf 83' lang='lat' dir='ltr'><em>Regesto</em></span> <span class='ocrx_word' id='word_1_148' title='bbox 746 2465 842 2505; x_wconf 69' lang='lat' dir='ltr'><em>litt„</em></span> <span class='ocrx_word' id='word_1_149' title='bbox 863 2464 895 2510; x_wconf 90' lang='lat' dir='ltr'><em>I,</em></span> <span class='ocrx_word' id='word_1_150' title='bbox 918 2463 985 2499; x_wconf 91' lang='lat'><em>186</em></span> <span class='ocrx_word' id='word_1_151' title='bbox 1003 2476 1042 2508; x_wconf 93' lang='lat' dir='ltr'><em>v,</em></span> <span class='ocrx_word' id='word_1_152' title='bbox 1061 2463 1327 2511; x_wconf 89' lang='lat' dir='ltr'><em>desumptum,</em></span> <span class='ocrx_word' id='word_1_153' title='bbox 1354 2463 1422 2500; x_wconf 93' lang='lat' dir='ltr'><em>ubi</em></span> <span class='ocrx_word' id='word_1_154' title='bbox 1439 2463 1566 2500; x_wconf 86' lang='lat' dir='ltr'><em>fusius</em></span> <span class='ocrx_word' id='word_1_155' title='bbox 1584 2464 1722 2500; x_wconf 91' lang='lat' dir='ltr'><em>eadem</em></span> <span class='ocrx_word' id='word_1_156' title='bbox 1741 2476 1944 2512; x_wconf 84' lang='lat' dir='ltr'><em>exponun-</em></span> 
     </span>
     <span class='ocr_line' id='line_1_25' title="bbox 288 2523 1661 2571; baseline -0.001 -9"><span class='ocrx_word' id='word_1_157' title='bbox 288 2525 480 2562; x_wconf 86' lang='lat' dir='ltr'><em>tur.—Cf.</em></span> <span class='ocrx_word' id='word_1_158' title='bbox 500 2525 718 2566; x_wconf 85' lang='lat' dir='ltr'>POLANCO‚</span> <span class='ocrx_word' id='word_1_159' title='bbox 742 2523 907 2566; x_wconf 66' lang='lat' dir='ltr'><em>chron„</em></span> <span class='ocrx_word' id='word_1_160' title='bbox 928 2524 960 2570; x_wconf 93' lang='lat' dir='ltr'><em>I,</em></span> <span class='ocrx_word' id='word_1_161' title='bbox 978 2523 1063 2570; x_wconf 87' lang='lat'>373,</span> <span class='ocrx_word' id='word_1_162' title='bbox 1082 2529 1215 2559; x_wconf 88' lang='lat' dir='ltr'><em>annot.</em></span> <span class='ocrx_word' id='word_1_163' title='bbox 1240 2533 1289 2569; x_wconf 88' lang='lat'><em>1.;</em></span> <span class='ocrx_word' id='word_1_164' title='bbox 1309 2529 1350 2560; x_wconf 90' lang='lat' dir='ltr'><em>et</em></span> <span class='ocrx_word' id='word_1_165' title='bbox 1367 2523 1452 2571; x_wconf 86' lang='lat'><em>376,</em></span> <span class='ocrx_word' id='word_1_166' title='bbox 1471 2530 1605 2560; x_wconf 84' lang='lat' dir='ltr'><em>annot.</em></span> <span class='ocrx_word' id='word_1_167' title='bbox 1629 2533 1661 2560; x_wconf 88' lang='grc' dir='ltr'><em>Ι.</em></span> 
     </span>
    </p>

    <p class='ocr_par' dir='ltr' id='par_1_14' title="bbox 360 2583 1000 2631">
     <span class='ocr_line' id='line_1_26' title="bbox 360 2583 1000 2631; baseline -0.003 -11"><span class='ocrx_word' id='word_1_168' title='bbox 360 2587 375 2608; x_wconf 80' lang='lat'>2</span> <span class='ocrx_word' id='word_1_169' title='bbox 426 2584 528 2620; x_wconf 87' lang='lat' dir='ltr'><em>Vide</em></span> <span class='ocrx_word' id='word_1_170' title='bbox 546 2583 663 2631; x_wconf 89' lang='lat' dir='ltr'><em>epist.</em></span> <span class='ocrx_word' id='word_1_171' title='bbox 684 2583 1000 2630; x_wconf 87' lang='lat' dir='ltr'><em>praecedentem.</em></span> 
     </span>
    </p>

    <p class='ocr_par' dir='ltr' id='par_1_15' title="bbox 287 2643 1985 2990">
     <span class='ocr_line' id='line_1_27' title="bbox 362 2643 1941 2691; baseline 0.001 -12"><span class='ocrx_word' id='word_1_172' title='bbox 362 2647 376 2666; x_wconf 80' lang='lat'><strong>³</strong></span> <span class='ocrx_word' id='word_1_173' title='bbox 426 2645 485 2680; x_wconf 88' lang='lat' dir='ltr'><em>Ex</em></span> <span class='ocrx_word' id='word_1_174' title='bbox 515 2644 754 2691; x_wconf 88' lang='lat' dir='ltr'><em>apographo,</em></span> <span class='ocrx_word' id='word_1_175' title='bbox 778 2643 819 2678; x_wconf 90' lang='lat' dir='ltr'><em>in</em></span> <span class='ocrx_word' id='word_1_176' title='bbox 853 2643 982 2689; x_wconf 86' lang='lat' dir='ltr'><em>Epist.</em></span> <span class='ocrx_word' id='word_1_177' title='bbox 1015 2643 1170 2685; x_wconf 85' lang='lat' dir='ltr'><em>Mixtis,</em></span> <span class='ocrx_word' id='word_1_178' title='bbox 1205 2643 1424 2689; x_wconf 81' lang='lat'><em>1539-1548</em></span> <span class='ocrx_word' id='word_1_179' title='bbox 1452 2643 1564 2687; x_wconf 88' lang='lat' dir='ltr'><em>(alias</em></span> <span class='ocrx_word' id='word_1_180' title='bbox 1598 2645 1678 2679; x_wconf 88' lang='lat' dir='ltr'><em>vol.</em></span> <span class='ocrx_word' id='word_1_181' title='bbox 1697 2645 1763 2690; x_wconf 92' lang='lat' dir='ltr'><em>A),</em></span> <span class='ocrx_word' id='word_1_182' title='bbox 1792 2643 1941 2691; x_wconf 89' lang='lat' dir='ltr'><em>duplici</em></span> 
     </span>
     <span class='ocr_line' id='line_1_28' title="bbox 287 2702 1938 2752; baseline -0.002 -10"><span class='ocrx_word' id='word_1_183' title='bbox 287 2706 373 2752; x_wconf 63' lang='lat' dir='ltr'><em>fol„</em></span> <span class='ocrx_word' id='word_1_184' title='bbox 395 2714 462 2750; x_wconf 90' lang='lat'><em>190</em></span> <span class='ocrx_word' id='word_1_185' title='bbox 479 2706 537 2749; x_wconf 89' lang='lat'><em>(71</em></span> <span class='ocrx_word' id='word_1_186' title='bbox 560 2708 600 2739; x_wconf 91' lang='lat' dir='ltr'><em>et</em></span> <span class='ocrx_word' id='word_1_187' title='bbox 616 2706 691 2748; x_wconf 86' lang='lat'><em>72).</em></span> <span class='ocrx_word' id='word_1_188' title='bbox 709 2704 796 2738; x_wconf 88' lang='lat' dir='ltr'><em>Hoc</em></span> <span class='ocrx_word' id='word_1_189' title='bbox 810 2702 1075 2749; x_wconf 83' lang='lat' dir='ltr'><em>fragmentum</em></span> <span class='ocrx_word' id='word_1_190' title='bbox 1090 2703 1282 2750; x_wconf 88' lang='lat' dir='ltr'><em>epistolae</em></span> <span class='ocrx_word' id='word_1_191' title='bbox 1297 2703 1475 2750; x_wconf 88' lang='lat' dir='ltr'><em>sequitur</em></span> <span class='ocrx_word' id='word_1_192' title='bbox 1488 2703 1715 2739; x_wconf 89' lang='lat' dir='ltr'><em>immediate</em></span> <span class='ocrx_word' id='word_1_193' title='bbox 1728 2708 1819 2750; x_wconf 91' lang='lat' dir='ltr'><em>post</em></span> <span class='ocrx_word' id='word_1_194' title='bbox 1827 2703 1938 2747; x_wconf 86' lang='lat' dir='ltr'><em>illud,</em></span> 
     </span>
     <span class='ocr_line' id='line_1_29' title="bbox 287 2754 1943 2813; baseline -0.001 -12"><span class='ocrx_word' id='word_1_195' title='bbox 287 2765 393 2813; x_wconf 92' lang='lat' dir='ltr'><em>quod</em></span> <span class='ocrx_word' id='word_1_196' title='bbox 410 2776 527 2812; x_wconf 87' lang='lat' dir='ltr'><em>supra</em></span> <span class='ocrx_word' id='word_1_197' title='bbox 545 2763 762 2811; x_wconf 85' lang='lat' dir='ltr'><em>posuimus,</em></span> <span class='ocrx_word' id='word_1_198' title='bbox 789 2762 904 2810; x_wconf 88' lang='lat' dir='ltr'><em>epist.</em></span> <span class='ocrx_word' id='word_1_199' title='bbox 930 2772 986 2810; x_wconf 88' lang='lat'><em>10,</em></span> <span class='ocrx_word' id='word_1_200' title='bbox 1003 2769 1043 2798; x_wconf 93' lang='lat' dir='ltr'><em>et</em></span> <span class='ocrx_word' id='word_1_201' title='bbox 1068 2763 1207 2810; x_wconf 87' lang='lat' dir='ltr'><em>incipit</em></span> <span class='ocrx_word' id='word_1_202' title='bbox 1225 2763 1265 2799; x_wconf 91' lang='lat' dir='ltr'><em>in</em></span> <span class='ocrx_word' id='word_1_203' title='bbox 1283 2763 1413 2799; x_wconf 86' lang='lat' dir='ltr'><em>medio</em></span> <span class='ocrx_word' id='word_1_204' title='bbox 1443 2763 1641 2799; x_wconf 90' lang='lat' dir='ltr'><em>secundae</em></span> <span class='ocrx_word' id='word_1_205' title='bbox 1671 2754 1838 2811; x_wconf 83' lang='lat' dir='ltr'><em>pag‘inae</em></span> <span class='ocrx_word' id='word_1_206' title='bbox 1856 2763 1943 2799; x_wconf 83' lang='lat' dir='ltr'><em>folii</em></span> 
     </span>
     <span class='ocr_line' id='line_1_30' title="bbox 288 2817 1941 2872; baseline -0.001 -11"><span class='ocrx_word' id='word_1_207' title='bbox 288 2834 348 2871; x_wconf 90' lang='lat'><em>71.</em></span> <span class='ocrx_word' id='word_1_208' title='bbox 369 2824 592 2872; x_wconf 88' lang='lat' dir='ltr'><em>Inscriptio,</em></span> <span class='ocrx_word' id='word_1_209' title='bbox 607 2824 720 2860; x_wconf 89' lang='lat' dir='ltr'><em>initio</em></span> <span class='ocrx_word' id='word_1_210' title='bbox 735 2823 877 2870; x_wconf 87' lang='lat' dir='ltr'><em>posita,</em></span> <span class='ocrx_word' id='word_1_211' title='bbox 893 2828 966 2858; x_wconf 84' lang='lat' dir='ltr'><em>est:</em></span> <span class='ocrx_word' id='word_1_212' title='bbox 985 2824 1045 2859; x_wconf 91' lang='lat' dir='ltr'><em>De</em></span> <span class='ocrx_word' id='word_1_213' title='bbox 1064 2818 1176 2859; x_wconf 82' lang='lat' dir='ltr'><em>otras</em></span> <span class='ocrx_word' id='word_1_214' title='bbox 1205 2825 1270 2859; x_wconf 86' lang='lat' dir='ltr'><em>del</em></span> <span class='ocrx_word' id='word_1_215' title='bbox 1295 2835 1444 2859; x_wconf 87' lang='lat' dir='ltr'><em>mesmo</em></span> <span class='ocrx_word' id='word_1_216' title='bbox 1459 2823 1628 2871; x_wconf 85' lang='lat' dir='ltr'><em>[Nadal]</em></span> <span class='ocrx_word' id='word_1_217' title='bbox 1641 2825 1689 2860; x_wconf 89' lang='lat' dir='ltr'><em>de</em></span> <span class='ocrx_word' id='word_1_218' title='bbox 1695 2817 1827 2870; x_wconf 86' lang='lat' dir='ltr'><em>Julio.</em></span> <span class='ocrx_word' id='word_1_219' title='bbox 1850 2824 1941 2871; x_wconf 89' lang='lat' dir='ltr'><em>Epi-</em></span> 
     </span>
     <span class='ocr_line' id='line_1_31' title="bbox 289 2882 1985 2931; baseline -0.002 -10"><span class='ocrx_word' id='word_1_220' title='bbox 289 2887 405 2931; x_wconf 88' lang='lat' dir='ltr'><em>stola,</em></span> <span class='ocrx_word' id='word_1_221' title='bbox 439 2884 552 2931; x_wconf 87' lang='lat' dir='ltr'><em>cujus</em></span> <span class='ocrx_word' id='word_1_222' title='bbox 586 2888 771 2930; x_wconf 86' lang='lat' dir='ltr'><em>excerpta</em></span> <span class='ocrx_word' id='word_1_223' title='bbox 800 2882 865 2918; x_wconf 91' lang='lat' dir='ltr'><em>hic</em></span> <span class='ocrx_word' id='word_1_224' title='bbox 899 2883 1148 2930; x_wconf 87' lang='lat' dir='ltr'><em>exhibemus,</em></span> <span class='ocrx_word' id='word_1_225' title='bbox 1180 2895 1275 2919; x_wconf 90' lang='lat' dir='ltr'><em>usus</em></span> <span class='ocrx_word' id='word_1_226' title='bbox 1301 2888 1362 2920; x_wconf 89' lang='lat' dir='ltr'><em>est</em></span> <span class='ocrx_word' id='word_1_227' title='bbox 1385 2883 1430 2919; x_wconf 90' lang='grc' dir='ltr'><em>Ρ.</em></span> <span class='ocrx_word' id='word_1_228' title='bbox 1461 2883 1682 2930; x_wconf 83' lang='lat' dir='ltr'>POLANCO‚</span> <span class='ocrx_word' id='word_1_229' title='bbox 1720 2882 1886 2922; x_wconf 83' lang='lat' dir='ltr'><em>Chron..</em></span> <span class='ocrx_word' id='word_1_230' title='bbox 1906 2884 1942 2930; x_wconf 81' lang='grc' dir='ltr'><em>Ι,</em></span> <span class='ocrx_word' id='word_1_231' title='bbox 1978 2909 1985 2914; x_wconf 95' lang='grc'><em>.</em></span> 
     </span>
     <span class='ocr_line' id='line_1_32' title="bbox 292 2943 470 2990; baseline -0.006 -10"><span class='ocrx_word' id='word_1_232' title='bbox 292 2943 470 2990; x_wconf 84' lang='lat'><strong>373-374.</strong></span> 
     </span>
    </p>

    <p class='ocr_par' dir='ltr' id='par_1_16' title="bbox 362 2997 1938 3050">
     <span class='ocr_line' id='line_1_33' title="bbox 362 2997 1938 3050; baseline 0 -11"><span class='ocrx_word' id='word_1_233' title='bbox 362 3007 377 3026; x_wconf 80' lang='lat'><strong>⁴</strong></span> <span class='ocrx_word' id='word_1_234' title='bbox 427 3000 607 3039; x_wconf 72' lang='lat' dir='ltr'><em>Andreas</em></span> <span class='ocrx_word' id='word_1_235' title='bbox 624 3002 695 3038; x_wconf 85' lang='lat' dir='ltr'><em>des</em></span> <span class='ocrx_word' id='word_1_236' title='bbox 714 3003 844 3037; x_wconf 87' lang='lat' dir='ltr'><em>Freux</em></span> <span class='ocrx_word' id='word_1_237' title='bbox 861 3002 1069 3046; x_wconf 85' lang='lat' dir='ltr'><em>(Frusius).</em></span> <span class='ocrx_word' id='word_1_238' title='bbox 1090 3001 1191 3038; x_wconf 88' lang='lat' dir='ltr'><em>Vide</em></span> <span class='ocrx_word' id='word_1_239' title='bbox 1211 2997 1343 3049; x_wconf 68' lang='lat' dir='ltr'><em>supra,</em></span> <span class='ocrx_word' id='word_1_240' title='bbox 1359 3003 1476 3050; x_wconf 88' lang='lat' dir='ltr'><em>epist.</em></span> <span class='ocrx_word' id='word_1_241' title='bbox 1500 3010 1557 3047; x_wconf 86' lang='lat'><em>10,</em></span> <span class='ocrx_word' id='word_1_242' title='bbox 1576 3014 1616 3038; x_wconf 89' lang='lat' dir='ltr'><em>n.</em></span> <span class='ocrx_word' id='word_1_243' title='bbox 1635 3011 1672 3047; x_wconf 80' lang='lat'><em>23</em></span> <span class='ocrx_word' id='word_1_244' title='bbox 1698 3007 1739 3038; x_wconf 90' lang='lat' dir='ltr'><em>et</em></span> <span class='ocrx_word' id='word_1_245' title='bbox 1759 3011 1817 3050; x_wconf 92' lang='lat'><em>11,</em></span> <span class='ocrx_word' id='word_1_246' title='bbox 1842 3015 1881 3038; x_wconf 92' lang='lat' dir='ltr'><em>n.</em></span> <span class='ocrx_word' id='word_1_247' title='bbox 1902 3010 1938 3048; x_wconf 82' lang='lat'><em>5.</em></span> 
     </span>
    </p>

    <p class='ocr_par' dir='ltr' id='par_1_17' title="bbox 365 3062 749 3111">
     <span class='ocr_line' id='line_1_34' title="bbox 365 3062 749 3111; baseline -0.008 -11"><span class='ocrx_word' id='word_1_248' title='bbox 365 3066 379 3086; x_wconf 81' lang='lat'>⁵</span> <span class='ocrx_word' id='word_1_249' title='bbox 430 3064 511 3110; x_wconf 88' lang='lat' dir='ltr'><em>Sic,</em></span> <span class='ocrx_word' id='word_1_250' title='bbox 530 3075 600 3111; x_wconf 91' lang='lat' dir='ltr'><em>pro</em></span> <span class='ocrx_word' id='word_1_251' title='bbox 621 3062 749 3098; x_wconf 80' lang='lat' dir='ltr'><em>Patti.</em></span> 
     </span>
    </p>
   </div>
  </div>
 </body>
</html>
