2098 3484
324 282 391 318 108
899 286 1038 320 Emsr.
1067 284 1111 318 Ρ.
1140 282 1388 319 NADAL—32

320 385 443 441 quali
465 384 603 430 senza
624 387 670 429 d’
694 401 819 430 esser
840 385 1062 442 obbligati
1085 400 1111 428 a
1133 385 1288 441 pagar'
1319 385 1445 427 nulla
1467 398 1592 437 cosa,
1618 383 1791 428 fossino
1819 390 1974 430 tamen

320 461 512 520 obligati
539 478 566 506 a
603 463 875 507 confessarsi
903 470 948 507 et
985 461 1335 506 communicarsi
1373 463 1415 505 al
1452 476 1615 506 manco
1642 477 1735 506 una
1772 463 1901 506 uolta
1929 463 1984 506 alv

319 555 459 593 mese,
484 547 531 584 et
551 541 593 584 la
611 539 839 584 dominica
860 547 907 584 et
925 541 1039 583 feste
1059 539 1202 584 sentir
1224 554 1316 583 una
1337 539 1668 592 exhortatione,
1693 546 1740 584 et
1761 540 1983 584 attender-¹

320 618 378 661 ad
400 633 538 674 opere
558 617 648 674 pie,
674 625 760 662 etc.
773 652 782 670 ‚
808 631 937 661 come
965 616 1363 674 particolarmente
1384 616 1415 660 li
1437 616 1523 661 feci
1540 616 1652 661 certi
1674 616 1878 674 capituli;
1902 623 1967 672 et,

318 694 514 739 dicendo
536 695 578 738 io
600 711 627 739 a
643 696 738 740 Sua
755 696 893 738 Exe.a
907 694 953 737 di
970 701 1132 750 questa
1149 694 1526 752 congregatione,
1546 695 1597 738 fu
1613 701 1829 739 contento
1845 709 1975 739 esser

322 787 414 816 uno
436 772 481 815 di
503 760 616 826 loro,
642 773 673 815 il
694 774 779 816 che
802 772 839 816 si
862 772 1131 817 desideraua
1158 787 1238 829 per
1269 773 1414 816 hauer
1434 772 1466 815 li
1487 772 1589 816 altri
1611 773 1775 817 alcuna
1805 775 1968 817 autho-

321 849 408 893 rita
441 857 487 893 et
515 857 730 907 respetto.
762 851 798 893 Il
835 850 1032 907 Signore
1062 849 1094 892 li
1123 851 1330 894 consorte
1367 851 1486 895 nella
1513 865 1597 894 sua
1628 858 1787 895 sancta
1823 851 1977 909 gratia.

321 941 498 983 sempre
520 927 565 970 di
587 928 705 971 bene
726 927 773 970 in
795 928 980 985 meglio.
1863 928 1866 932 ’

414 1018 454 1061 5.
522 1007 571 1051 S’
596 1006 756 1050 ordino
779 1008 925 1050 anche
947 1005 1059 1050 certi
1075 1007 1261 1064 capituli
1283 1009 1370 1051 che
1391 1008 1486 1052 Sua
1509 1008 1648 1050 Exc.a
1675 1007 1736 1050 ha
1757 1007 1978 1051 mandato

321 1098 401 1140 per
424 1090 544 1127 tutto
565 1083 597 1126 il
619 1083 797 1140 regnio,
821 1083 930 1128 nelli
959 1084 1082 1140 quali
1110 1084 1149 1128 si
1176 1084 1433 1128 instituisce
1464 1091 1511 1128 et
1532 1083 1692 1128 ordina
1713 1085 1743 1126 l’
1767 1083 1977 1136 oratione

321 1162 406 1205 che
429 1160 535 1204 tutti
557 1162 649 1205 han
677 1161 723 1204 di
752 1162 863 1216 fare,
888 1161 993 1205 cuia
1021 1161 1152 1218 copia
1179 1162 1398 1206 mandari)
1430 1162 1517 1205 alla
1547 1163 1600 1205 P.
1628 1163 1685 1206 V.
1711 1176 1793 1218 per
1814 1161 1846 1204 il
1876 1161 1972 1219 pri-—

321 1252 412 1291 mo,
444 1245 490 1281 et
517 1239 559 1282 le
587 1239 701 1282 altre
730 1240 877 1282 anche
904 1240 1017 1284 fatte
1046 1254 1128 1297 per
1154 1239 1186 1282 il
1213 1239 1494 1283 monasterio
1521 1246 1567 1283 et
1589 1239 1977 1296 congregatione,

322 1331 395 1358 ma
417 1315 566 1371 questi
589 1323 767 1373 aspetto
789 1331 862 1360 me
883 1316 914 1359 li
937 1317 1165 1360 mandano
1187 1316 1233 1360 di
1256 1318 1481 1373 Trapana‚
1507 1318 1627 1360 doue
1648 1318 1690 1360 le
1711 1316 1861 1360 lassai.

412 1394 453 1437 6.
520 1394 627 1450 Qua
648 1393 696 1437 in
718 1393 918 1438 Messina
940 1394 978 1437 si
1001 1395 1045 1438 fa
1067 1396 1211 1437 multo
1245 1395 1393 1437 fructo
1415 1394 1462 1437 in
1484 1394 1772 1450 confessione
1798 1400 1845 1439 et
1865 1409 1972 1451 pre—

320 1470 470 1523 diche,
495 1477 542 1514 et
569 1470 780 1515 habiamo
807 1471 1017 1515 ordinato
1044 1471 1155 1528 ogni
1183 1471 1348 1529 giorno
1374 1471 1582 1528 predicar
1610 1471 1685 1514 doi
1713 1486 1740 1515 o
1769 1478 1838 1515 tre
1864 1471 1978 1516 nelli

321 1547 582 1592 monasterii
603 1548 650 1591 di
676 1551 916 1603 monache,
947 1564 1028 1606 per
1055 1550 1313 1593 exhortarle
1342 1550 1429 1593 alla
1455 1549 1659 1593 oratione
1686 1563 1767 1606 per
1793 1550 1837 1593 la
1867 1563 1975 1607 pre—

321 1633 451 1669 sente
472 1626 697 1670 necessita
717 1633 763 1670 et
781 1626 942 1670 timore
957 1627 1063 1670 dell’
1083 1627 1283 1670 aduento
1299 1627 1405 1670 dell’
1423 1633 1596 1670 armata
1617 1628 1907 1680 turchescha‚
1927 1634 1979 1670 et

321 1705 468 1746 anche
490 1703 528 1747 si
550 1718 806 1760 procurano
828 1705 968 1748 molte
989 1703 1237 1748 elemosine
1265 1718 1346 1760 per
1366 1703 1397 1746 li
1419 1703 1593 1760 poueri,
1624 1711 1671 1748 et
1697 1705 1818 1748 bona
1843 1709 1978 1761 parte

321 1795 435 1824 sono
457 1781 534 1838 gia
554 1783 743 1825 hauute.
769 1782 942 1826 Isidoro
964 1784 1001 1825 s’
1025 1784 1085 1826 ha
1106 1781 1315 1826 ordinato
1341 1783 1427 1826 che
1454 1781 1658 1838 predichi
1685 1781 1761 1825 alli
1787 1781 1968 1836 soldati,

322 1866 368 1901 et
389 1860 602 1903 hauendo
624 1859 668 1902 io
690 1860 864 1916 parlato
887 1861 944 1903 ad
965 1875 1028 1903 vn
1050 1859 1278 1916 capitano,
1298 1866 1360 1912 et,
1384 1858 1625 1903 dicendolo
1647 1860 1690 1903 al
1711 1859 1878 1912 vicere,
1897 1873 1973 1903 me

321 1935 432 1979 dissi
455 1938 540 1980 che
566 1951 617 1980 se
646 1937 854 1981 farrebbe
884 1938 1054 1981 andare
1082 1938 1283 1981 anchora
1304 1937 1334 1979 l’
1359 1936 1462 1980 altri
1490 1937 1654 1980 soldati
1683 1952 1710 1980 a
1736 1936 1907 1980 sentire
1929 1937 1978 1980 la

322 2005 519 2069 predica.

415 2102 456 2145 7.
522 2093 594 2135 Da
615 2093 791 2149 grande
812 2092 1100 2137 edificatione
1121 2108 1148 2136 a
1170 2090 1293 2146 tutti,
1317 2107 1411 2136 non
1438 2093 1536 2136 solo
1558 2092 1603 2135 la
1629 2091 1867 2149 diligentia
1887 2093 1980 2136 che

321 2175 462 2212 mette
484 2169 579 2213 Sua
601 2170 740 2212 Exe.a
765 2169 813 2211 in
834 2169 1051 2213 fortificat
1071 2171 1116 2214 la
1137 2170 1263 2223 citta,
1287 2177 1334 2214 et
1355 2169 1609 2226 prepararsi
1631 2176 1790 2213 contra
1810 2169 1842 2212 li
1875 2176 1978 2213 tur-—

320 2246 411 2299 chi,
447 2261 521 2289 ma
542 2246 917 2303 principalmente
938 2248 967 2289 l'
993 2247 1145 2291 animo
1168 2255 1295 2292 tanto
1323 2247 1397 2304 pio
1419 2255 1466 2291 et
1492 2247 1740 2291 christiano
1760 2249 1847 2291 che
1874 2262 1973 2290 mo-

326 2329 420 2366 stra
440 2323 487 2366 in
510 2338 730 2380 procurar
751 2325 836 2368 che
858 2323 897 2367 si
930 2325 1107 2369 faciano
1129 2325 1334 2369 oratione
1366 2334 1412 2369 et
1433 2339 1571 2382 opere
1598 2324 1671 2381 pie
1698 2323 1912 2369 accioche
1943 2324 1979 2368 il

326 2400 523 2457 Signore
544 2400 713 2445 incline
733 2402 777 2444 la
798 2416 882 2444 sua
903 2402 1211 2447 misericordia
1233 2410 1279 2446 et
1300 2402 1504 2459 potentia
1525 2410 1684 2446 contra
1705 2402 1813 2445 tutti
1833 2401 1864 2444 li
1886 2401 1980 2445 ini—

324 2477 427 2521 mici
449 2479 568 2522 della
590 2493 674 2522 sua
694 2486 853 2523 sancta
875 2480 977 2524 fede
998 2480 1237 2524 catholica.
1267 2483 1331 2524 La
1359 2480 1602 2524 settimana
1623 2481 1709 2524 che
1737 2479 1860 2532 ueni,
1884 2494 1974 2523 con

326 2556 370 2598 la
391 2555 539 2612 gratia
560 2555 606 2599 di
628 2555 772 2600 Giessi
794 2557 938 2613 Xpo.‚
964 2557 1166 2602 scriuero
1194 2559 1347 2614 quello
1368 2560 1454 2602 che
1481 2557 1526 2600 di
1554 2557 1632 2614 pisi
1660 2559 1912 2601 occorrera.
1939 2557 1974 2600 Il
2015 2611 2019 2615 ἡ

327 2632 524 2690 Signore
545 2647 625 2690 per
647 2634 690 2676 la
711 2647 794 2676 sua
816 2633 1123 2679 misericordia
1144 2635 1322 2678 infinita
1342 2649 1396 2678 ce
1417 2634 1492 2678 dia
1514 2650 1540 2678 a
1562 2634 1669 2678 tutti
1691 2633 1862 2679 sentire
1877 2633 1972 2678 sin-

322 2717 582 2755 ceramente
602 2712 647 2754 la
675 2725 758 2754 sua
786 2711 1043 2755 santissima
1070 2713 1275 2765 volunta,
1306 2719 1353 2755 et
1376 2713 1498 2755 forze
1530 2726 1609 2768 per
1638 2711 1979 2768 integramente

325 2787 559 2844 compirla.
587 2789 754 2832 Amen.
786 2788 886 2832 Ora
901 2794 990 2845 pro
1011 2790 1152 2844 nobis,
1176 2792 1338 2832 Pater.

420 2866 491 2908 Da
514 2865 728 2919 Messina,
753 2864 784 2907 il
806 2866 852 2908 di
874 2866 996 2922 xviiij
1019 2866 1066 2909 di
1082 2866 1221 2925 Junio
1249 2877 1375 2921 1551.

836 2944 894 2986 D.
922 2945 979 2987 V.
1009 2946 1061 2987 P.
1088 2958 1223 2987 seruo
1244 2943 1291 2987 in
1313 2946 1429 2997 X.0,

1161 3012 1163 3014 ¹
1208 3022 1509 3065 HIERONYMO
1542 3022 1729 3065 NADAL.

422 3098 666 3153 Inscriptio
684 3098 732 3139 in
751 3101 918 3153 quarta
928 3099 1127 3156 pagina:
1153 3099 1210 3141 Al
1231 3099 1371 3142 molto
1394 3098 1504 3141 ΗΛΘ
1526 3098 1574 3141 in
1597 3098 1781 3142 Christo
1803 3099 1974 3151 Padre,
