2020 3464
291 268 361 316 798
914 268 1054 303 Emsr.
1080 265 1125 302 P.
1154 266 1305 302 NADAL

1027 401 1203 444 XXVII

445 479 704 523 ExcERPTA
747 491 810 521 Ex
852 490 1014 522 VARIIS
1057 490 1308 521 EPISToLls
1353 490 1413 520 ET
1461 489 1772 520 DOCUMENTIS

532 569 595 599 DE
618 568 773 599 REBUS
795 568 967 599 GESTIS
991 556 1173 598 PATRIS
1197 555 1482 598 HIERONYMI
1505 554 1676 598 NADAL

970 631 1240 687 1546-1562.

378 775 758 820 Bartholomaeus
780 776 972 828 Ferron,
1002 723 1143 818 Patiri
1170 774 1349 817 Simoni
1377 775 1662 833 Rodriguez.
1696 775 1882 829 Romae,
1900 774 1928 818 8

288 837 494 895 Augusti
517 837 647 891 1546.
654 860 727 878 —.
758 835 923 879 ‚Vltra
944 836 1091 888 desto,
1122 848 1231 891 pera
1253 848 1341 890 que
1370 835 1500 878 todos
1526 849 1610 878 nos
1638 848 1854 891 gozemos
1870 849 1927 879 en

288 898 331 942 61
352 898 499 942 Senor
519 902 707 939 nuestro
730 869 816 938 con
837 895 906 938 105
927 909 1104 938 nueuos
1125 894 1300 938 sieruos
1323 908 1411 950 que
1433 909 1542 951 para
1562 897 1600 937 si
1622 894 1771 948 Hama,
1803 894 1929 939 311615

288 957 347 1002 (16
368 957 516 1008 saber,
542 958 689 1010 como,
714 960 774 998 no
794 955 1023 998 hablando
1046 955 1103 997 de
1124 955 1316 997 muchos
1337 968 1426 1009 que
1448 955 1586 998 ahora
1607 968 1691 997 son
1719 961 1928 1010 accepta-

288 1017 371 1060 (105
392 1031 451 1060 en
467 1016 511 1058 la
526 1015 793 1071 Compafiia,
814 1018 943 1057 estan
960 1015 1003 1057 al
1018 1020 1229 1070 presente
1251 1011 1363 1073 [dos]
1379 1027 1488 1070 pera
1503 1015 1640 1058 hazer
1656 1014 1925 1070 profession:

287 1077 331 1120 61
351 1090 443 1120 vno
464 1089 514 1118 es
535 1075 578 1117 el
601 1075 683 1118 P.e
709 1074 867 1117 dottor
889 1074 1073 1117 Manuel
1095 1076 1279 1130 Myona,
1308 1088 1337 1129 y
1359 1073 1402 1116 el
1422 1080 1522 1116 otro
1544 1074 1587 1116 61
1609 1073 1756 1117 Padre
1777 1073 1929 1117 dottor

290 1134 556 1179 Hieronimo
578 1134 726 1178 Nadal
830 1135 1084 1186 ¹.-Roma,
1112 1134 1136 1176 8
1155 1134 1212 1177 de
1235 1134 1415 1190 Agosto
1436 1133 1494 1176 de
1516 1133 1627 1188 1546
1648 1134 1681 1176 ².

1094 1200 1123 1235 2

378 1256 438 1299 P.
463 1254 637 1307 Miron,
664 1256 819 1296 sancto
846 1253 1033 1310 Ignatio
1059 1253 1113 1296 de
1144 1253 1326 1309 Loyola.
1364 1252 1695 1306 Conimbricae,
1738 1252 1928 1297 octobre

290 1325 375 1371 155
379 1326 421 1370 3
427 1339 500 1358 -.
511 1315 796 1368 ..Comenco
818 1312 876 1355 de
897 1313 1074 1369 aquella
1097 1312 1251 1369 gracia
1272 1313 1329 1355 de
1357 1311 1628 1356 tribulacion
1647 1327 1678 1368 y
1705 1313 1762 1356 de
1786 1316 1928 1369 aque·

286 1375 369 1419 llas
400 1377 544 1421 raizes
570 1380 814 1417 mostrarse
835 1372 877 1415 el
904 1373 1053 1415 fructo
1074 1387 1102 1428 y
1132 1374 1175 1417 el
1201 1378 1450 1429 augmento
1477 1373 1535 1417 de
1565 1372 1608 1416 13
1631 1372 1882 1429 Compania
1903 1376 1931 1416 a

287 1433 431 1478 maior
458 1433 604 1492 gloria
617 1449 662 1501 y
690 1433 907 1488 alabanca
935 1432 992 1475 de
1029 1433 1087 1476 X.
1095 1443 1117 1467 0
1142 1438 1330 1475 nuestro
1366 1431 1543 1475 criador
1564 1447 1594 1488 y
1617 1432 1864 1488 Senhor‚y
1885 1432 1934 1478 13.
1996 1469 1998 1472 .

286 1494 482 1551 primera
502 1492 658 1551 gracia
678 1494 773 1546 fue,
805 1506 895 1548 que
926 1495 955 1535 3
974 1504 1031 1536 20
1052 1493 1151 1536 dias
1171 1492 1293 1549 llego
1314 1492 1358 1535 el
1379 1492 1528 1535 Padre
1555 1498 1754 1536 maestro
1783 1492 1930 1536 Ν3(131

287 1567 377 1597 con
396 1554 464 1597 135
485 1551 824 1597 constituicioes
851 1550 967 1610 [sic]:
998 1566 1082 1595 nos
1104 1551 1179 1595 dio
1207 1558 1333 1596 tanta
1359 1551 1659 1595 0011501301611
1669 1556 1705 1596 a
1729 1552 1860 1596 todos
1887 1552 1931 1596 61

287 1614 481 1666 Senhor,
505 1628 535 1670 y
557 1612 773 1656 charidad
788 1626 818 1667 y
839 1611 1116 1655 renouacion
1135 1612 1190 1654 de
1207 1610 1384 1668 spiritu,
1405 1619 1575 1667 quanta
1595 1611 1639 1654 13
1660 1610 1940 1656 trssmlacion

286 1674 478 1730 passada
498 1686 582 1717 nos
603 1671 823 1729 prometio
845 1686 903 1715 en
925 1672 967 1716 el
988 1672 1167 1716 Senhor
1187 1686 1246 1727 ya
1267 1677 1412 1725 antes;
1444 1685 1475 1727 y
1502 1671 1697 1728 despues
1724 1671 1783 1716 de
1802 1670 1931 1728 puri-

286 1733 434 1776 ficada
454 1733 498 1776 la
514 1746 636 1787 casa,
655 1735 766 1775 aura
782 1731 956 1788 grande
973 1730 1111 1774 vnion
1127 1746 1157 1787 y
1172 1745 1273 1788 paz.
1294 1730 1525 1774 Auiuosse
1540 1745 1597 1774 en
1615 1745 1728 1788 gran
1745 1745 1931 1774 manera

287 1793 330 1837 el
351 1791 511 1850 spiritu
534 1805 592 1835 en
614 1792 761 1846 todos,
786 1791 828 1834 61
857 1791 1009 1834 feruor
1038 1791 1096 1836 (16
1123 1791 1166 1834 13
1193 1789 1425 1844 charidad‚
1451 1805 1480 1847 y
1507 1790 1637 1844 zello,
1662 1804 1693 1846 y
1708 1791 1851 1834 ,deseo
1872 1791 1929 1834 de

287 1851 397 1896 toda‘
415 1851 660 1909 perfecion,
701 1865 790 1906 que
826 1865 962 1907 agora
988 1865 1074 1894 nos
1102 1864 1264 1908 parece
1293 1864 1374 1893 uer
1401 1865 1430 1906 y
1457 1850 1599 1894 sentir
1625 1864 1727 1904 com
1754 1850 1928 1907 grande

285 1911 486 1955 claridad
507 1926 537 1968 y
559 1909 713 1968 gracia
743 1910 817 1953 del
845 1911 1027 1955 Senhor
1055 1910 1098 1953 el
1126 1910 1377 1954 uerdadero
1404 1909 1564 1966 spiritu
1586 1910 1643 1954 de
1663 1910 1708 1953 13
1730 1910 1928 1967 Compar-'-

285 1975 377 2026 fiia,
401 1986 432 2028 y
453 1985 543 2028 que
564 1971 621 2014 de
642 1984 795 2015 nueuo
818 1984 967 2013 somos
989 1969 1311 2027 participantes
1332 1969 1406 2013 del
1419 1969 1583 2013 'diuino
1606 1985 1641 2026 ·y
1667 1970 1930 2013 abundante

285 2030 460 2075 influxo
482 2031 539 2075 de
560 2031 604 2075 13
625 2028 780 2088 gracia
801 2030 875 2073 del
897 2030 1076 2075 Senhor
1092 2036 1334 2074 nuestro...
1357 2029 1388 2072 ⁵.

1095 2096 1123 2131 3

377 2151 453 2194 Ex
473 2149 659 2207 epistola
680 2150 831 2207 ignoti
851 2150 1064 2203 auctoris,
1090 2149 1417 2202 Conimbricae,
1439 2149 1499 2192 ad
1515 2149 1688 2192 sodales
1704 2148 1827 2205 apud
1853 2149 1929 2192 in-
1964 2196 1967 2199 ,

287 2211 367 2254 dos
388 2211 602 2268 degentes
623 2209 745 2262 data,
768 2221 825 2252 21
856 2209 1084 2266 januarii
1122 2218 1176 2263 15
1179 2219 1251 2264 54.
1272 2234 1371 2252 -...
1412 2209 1466 2252 El
1488 2209 1636 2252 Padre
1663 2207 1930 2252 Hier6nimo

287 2270 435 2315 Nadal
458 2270 534 2314 fue
550 2268 758 2314 embiado
779 2269 836 2312 de
857 2275 1044 2313 nuestro
1065 2283 1124 2312 en
1145 2270 1233 2312 X.0
1261 2269 1408 2312 Padre
1428 2274 1624 2312 maestro
1641 2267 1826 2325 Ignacio
1847 2281 1930 2324 por

287 2328 594 2374 commissario
617 2329 804 2386 general
825 2330 883 2372 de
905 2330 1154 2385 Hespanha
1175 2328 1217 2371 el
1238 2334 1365 2372 anno·
1380 2328 1573 2385 passado
1595 2328 1651 2371 de
1674 2337 1800 2382 1553,
1820 2341 1929 2383 pera

287 2389 481 2434 ordenar
501 2390 568 2433 135
589 2403 719 2432 60535
739 2388 856 2432 dela
877 2389 1131 2445 Compania
1156 2402 1215 2431 en
1237 2394 1358 2432 estas
1379 2394 1531 2444 partes
1557 2394 1603 2430 et
1631 2386 1836 2443 publicar
1861 2387 1928 2430 las

287 2448 654 2493 constituitiones
674 2448 809 2502 della,
834 2463 923 2505 que
943 2450 1075 2491 hasta
1096 2461 1204 2491 aora
1223 2462 1285 2491 no
1307 2462 1412 2491 erao
1428 2446 1703 2504 publicadas.
1720 2447 1928 2503 Despues

287 2509 344 2553 (16
367 2510 530 2552 acabar
553 2523 611 2553 en
632 2482 809 2551 Euora
805 2522 835 2563 y
857 2521 915 2551 en
937 2507 1152 2559 Lisbona,
1176 2506 1283 2551 vino
1305 2511 1332 2550 a
1352 2514 1449 2550 este
1470 2505 1663 2563 collegio
1679 2504 1751 2563 [de
1773 2505 1927 2550 Coim—

285 2568 382 2628 bra]
404 2584 430 2614 a
451 2569 519 2612 105
547 2580 564 2612 1
577 2580 594 2612 1
620 2568 677 2612 de
699 2567 922 2620 Octubre‚
947 2582 977 2623 y
998 2581 1086 2611 con
1107 2567 1207 2610 6161
1226 2569 1277 2610 Ρ.
1285 2578 1307 2602 e
1333 2566 1495 2611 Mirc'm.
1518 2565 1842 2610 Recebieronlo
1859 2565 1928 2608 105

286 2630 529 2672 hermanos
552 2642 638 2671 con
659 2628 826 2670 mucha
847 2627 1017 2684 alegria
1039 2642 1069 2683 y
1095 2625 1399 2679 consolacic'm,
1429 2640 1602 2683 porque
1623 2628 1727 2670 auia
1747 2639 1806 2681 ya
1831 2625 1930 2668 dias

358 2737 370 2758 ¹
421 2735 525 2771 Nota
541 2745 619 2770 non
637 2745 859 2770 sermonem
877 2745 965 2770 esse
983 2734 1047 2770 hic
1064 2734 1113 2770 de
1132 2732 1377 2781 professione
1394 2733 1550 2781 proprie
1566 2731 1686 2780 dicta,
1703 2731 1776 2769 sed
1793 2731 1844 2768 de
1861 2743 1928 2768 vo-

288 2783 338 2819 tis
357 2782 601 2867 ξίωὲξοέξὲε
607 2781 966 2875 2Ϋ1ᾆὲῧὲῗῖνικῐ16
986 2829 1184 2866 Notitiam
1202 2829 1397 2871 codicum,
1417 2840 1548 2876 supra,
1567 2813 1657 2876 pag.
1675 2837 1757 2866 LXI,
1773 2827 1935 2864 Titulus-

285 2878 376 2914 huic
394 2878 585 2927 epistolae
630 2877 814 2912 raefixus:
838 2876 919 2924 Cop
889 2879 964 2924 pia
988 2879 1035 2914 de
1059 2881 1149 2913 otra
1166 2878 1231 2914 del
1254 2877 1398 2912 mismo
1423 2877 1472 2911 P.
1477 2884 1496 2904 e
1516 2877 1748 2912 Bertolame
1773 2874 1929 2911 Ferrdn

279 2929 384 2973 pera
401 2927 438 2962 el
458 2927 505 2961 P.
511 2933 529 2954 ι’
612 2925 823 2971 stSymom
838 2926 1077 2972 prouincial
1094 2926 1140 2960 de
1161 2924 1379 2972 Portugal,
1399 2924 1447 2960 de
1465 2925 1596 2989 Roma
1603 2926 1639 2965 ά
1655 2923 1681 2959 8
1703 2924 1751 2959 de
1778 2923 1929 2972 Agosto

286 2974 334 3009 de
353 2973 479 3057 {5431
501 3020 596 3057 Cod.
616 3021 682 3063 26,
701 3018 768 3055 fol.
789 3020 870 3065 267,
889 3032 928 3055 v.
953 3020 1109 3056 Titulus
1132 3031 1277 3067 apogra
1305 3018 1367 3055 hi:
1399 2987 1527 3054 Carta
1552 3018 1626 3066 que
1652 3017 1674 3055 ὸ
1700 3016 1751 3054 P.
1755 3025 1774 3047 e
1793 3017 1928 3066 Diogo

285 3068 440 3112 Mirdn,
475 3072 607 3105 rector
636 3079 710 3114 que
735 3066 814 3114 fue
845 3069 952 3103 desto
982 3068 1148 3115 collegio
1185 3069 1232 3103 de
1304 3066 1474 3102 oimbra.
1482 3093 1505 3102 ..
1540 3077 1722 3103 escreueo
1755 3078 1782 3116 a
1814 3076 1927 3125 nosso

287 3117 336 3152 P.
342 3124 360 3144 ε
380 3116 562 3164 Ignacio,
582 3117 630 3152 de
652 3114 840 3151 Coimbra
857 3127 919 3151 em
942 3099 1120 3151 Outubro
1143 3116 1191 3151 de
1209 3118 1315 3160 1553.
1355 3117 1357 3120 ’
1684 3135 1685 3141 1
