2066 3490
247 320 294 347 22
845 314 1013 350 CHRON.
1033 315 1078 350 Ρ.
1106 314 1297 351 NATAms

338 425 411 469 73.
477 413 673 459 Visitaui
692 427 717 470 7
735 415 952 460 ecclesias
969 430 1074 459 cum
1090 417 1127 459 F
1129 429 1292 460 errone
1303 417 1342 471 -¹,
1361 430 1447 460 nec
1466 423 1562 460 toto
1577 415 1740 460 itinere
1749 416 1902 473 potuit

246 490 357 534 mihi
379 489 543 536 elicere
564 493 773 536 verbum.

337 580 410 624 74.
476 571 676 613 Rursum
714 570 897 614 visitaui
929 570 1175 628 Magistros
1211 572 1228 593 ²
1267 572 1321 616 Ρ.
1364 572 1548 628 Laynez
1585 578 1632 615 et
1668 572 1887 616 Salmero-

245 661 350 690 nem
374 648 407 700 ⁵,
433 662 574 704 quum
597 655 751 692 essent
773 647 1022 705 profecturi
1043 647 1330 704 Tridentum,
1355 655 1402 692 et
1422 648 1535 692 mire
1550 662 1624 692 me
1640 648 1903 693 aedificauit

246 722 426 767 illorum
449 724 648 768 charitas
670 740 723 769 ac
745 725 947 769 libertas.

339 812 411 856 75.
477 801 686 846 Offendit
707 816 781 847 me
801 802 849 846 in
870 802 1038 856 culina,
1064 804 1188 859 quod
1215 818 1272 847 ex
1299 810 1455 847 nostra
1481 811 1751 861 paupertate
1782 805 1905 848 fere-

247 880 382 922 batur
403 879 647 936 prandium
669 887 716 925 et
737 895 882 925 coena
903 881 962 925 ad
983 882 1226 925 Rosseram
1249 882 1282 924 ⁴.

339 958 411 1011 76.
476 956 606 1001 Dixit
626 957 737 1001 mihi
760 960 813 1002 P.
839 957 1047 1015 Ignatius
1068 973 1127 1002 ne
1147 958 1393 1002 inuiserem
1415 958 1670 1003 auditorem
1687 974 1714 1003 a
1731 960 1901 1012 Puteo,

248 1021 760 1091 antequamseruissem
782 1035 954 1092 aliquot
975 1035 1073 1080 dies
1094 1035 1143 1078 in
1165 1035 1317 1079 culina
1338 1043 1385 1080 et
1405 1037 1554 1080 horto.

338 1123 411 1166 77.
479 1112 598 1157 Veni
625 1112 768 1170 igitur
796 1120 955 1170 postea
983 1114 1041 1157 ad
1068 1113 1212 1157 illum:
1249 1112 1441 1170 exposui
1473 1128 1569 1158 rem
1604 1120 1762 1158 totam:
1795 1113 1904 1158 tulit

249 1190 421 1233 factum
458 1189 728 1248 aegerrime.
771 1191 976 1235 Tandem
1004 1205 1146 1247 quum
1173 1190 1377 1234 viderem
1406 1190 1532 1234 illum
1559 1190 1708 1235 vereri
1741 1205 1800 1235 ne
1828 1191 1900 1236 sui

248 1266 569 1312 maioricenses
591 1267 741 1324 ipsum
762 1274 1124 1321 contemnerent,
1150 1268 1273 1324 quod
1293 1282 1387 1311 non
1407 1268 1632 1325 potuisset
1653 1268 1775 1312 illam
1796 1283 1900 1312 mu-

241 1341 466 1388 tationem
494 1345 735 1402 impedire,
766 1345 830 1389 ita
857 1345 920 1389 illi
947 1360 1128 1390 mecum
1155 1345 1395 1389 conuenit:
1435 1346 1680 1390 scriberem
1717 1360 1806 1403 ego
1842 1347 1906 1407 ad

248 1422 456 1478 patriam:
482 1423 520 1466 si
541 1422 605 1466 illi
627 1422 716 1467 mei
737 1422 875 1467 animi
896 1422 1179 1480 propositum
1200 1437 1294 1467 non
1315 1408 1643 1480 repugnarent,
1667 1423 1780 1467 nihil
1801 1437 1907 1468 esse

250 1500 374 1555 quod
396 1500 493 1556 ipse
514 1515 654 1558 aegre
677 1501 827 1545 ferret.

342 1578 414 1631 78.
480 1578 588 1621 Fuit
620 1578 763 1635 igitur
793 1577 903 1621 mihi
930 1592 1110 1634 semper
1144 1585 1305 1635 postea
1334 1579 1366 1632 ⁵,
1397 1593 1504 1621 nam
1531 1577 1690 1635 scripsi
1725 1592 1815 1635 ego
1842 1578 1900 1622 ad

250 1654 487 1698 sacristam
524 1658 887 1700 Montannanum
915 1657 930 1678 ⁶
959 1655 1137 1710 literas,
1178 1655 1345 1711 quibus
1381 1657 1664 1712 exponebam
1702 1655 1907 1699 rationes

325 1878 335 1898 ¹
387 1877 526 1913 Frater
542 1877 864 1912 Bartholomaeus
883 1877 1040 1923 Ferrao,
1065 1876 1273 1921 lusitanus,
1293 1875 1343 1912 de
1361 1888 1439 1924 quo
1458 1876 1550 1913 vide
1573 1877 1706 1926 Epist.
1731 1877 1903 1920 Mixtus,

252 1936 283 1980 1,
314 1935 375 1982 87.
407 1937 469 1972 De
498 1937 573 1972 hoc
603 1935 689 1984 ipso
713 1937 856 1972 Ferrao
879 1936 924 1971 P.
950 1936 1090 1979 NadaI,
1115 1935 1156 1971 in
1181 1936 1263 1972 suis
1287 1936 1623 1983 Ephemeridibus
1645 1937 1905 1984 autographis

250 1994 367 2039 (Cod.
386 1998 438 2043 2),
457 1995 506 2031 ad
523 2008 669 2032 annum
685 2004 747 2042 47,
766 1996 864 2031 haec
882 1995 1036 2031 scribit:
1058 1997 1230 2032 «Romae
1247 1995 1448 2043 prohibuit
1465 1996 1510 2031 P.
1530 1995 1708 2042 Ignatius
1722 1995 1906 2044 publicas.

252 2055 589 2102 mortificationes,
607 2067 771 2104 quarum
794 2060 880 2091 erat
903 2060 1040 2091 auctor
1063 2057 1107 2091 P.
1133 2057 1300 2093 Iacobus
1323 2058 1470 2103 Eguias
1493 2068 1583 2092 cum
1607 2057 1808 2102 Ferronio,
1833 2056 1903 2105 qui

249 2115 380 2151 fuerat
402 2115 639 2152 secretarius
664 2120 875 2163 antequam
898 2115 1054 2151 veniret
1076 2116 1122 2151 P.
1146 2117 1379 2152 Polancus.»
1410 2116 1604 2152 Polaneus
1628 2128 1724 2152 vero
1748 2121 1908 2152 mortuo>

252 2175 440 2211 Ferronio
470 2176 659 2212 suffectus
693 2175 768 2212 fuit
802 2176 876 2211 sub
906 2175 1062 2211 initium
1095 2175 1212 2222 hujus
1242 2175 1332 2211 anni
1370 2184 1475 2222 1547.
1510 2175 1612 2212 Vide
1645 2175 1905 2218 ORLANDINI,

252 2235 361 2270 Hist.
383 2236 423 2271 S.
435 2236 496 2282 J.‚
516 2235 586 2271 lib.
606 2235 695 2280 VII,
714 2247 781 2271 nn.
801 2235 824 2270 6
842 2240 882 2270 et
899 2243 942 2280 7;
963 2240 1004 2270 et
1021 2235 1106 2282 ipse
1130 2236 1175 2271 P.
1201 2235 1326 2271 Nadal
1351 2235 1392 2271 in
1409 2235 1644 2283 supradictis
1667 2236 1900 2284 Ephemeri-

251 2295 381 2338 dibus,
400 2294 513 2331 initio
531 2295 624 2331 anni
644 2303 749 2341 1547,
774 2295 871 2330 haec
896 2294 1120 2331 annotavit:
1148 2296 1215 2331 «P.
1241 2296 1450 2340 Polancus,
1477 2295 1713 2331 secretarius
1729 2295 1908 2332 Societa2

252 2354 697 2392 tis.»—P.L1J1)ovxcus
711 2354 974 2398 GoNcALVEs
988 2363 1046 2390 DA
1060 2355 1257 2401 CAMARA,
1266 2354 1307 2391 in
1321 2367 1393 2391 suo
1406 2355 1643 2391 Memoriali
1656 2367 1746 2401 ms„
1756 2354 1825 2391 fol.
1838 2354 1882 2390 61
1891 2382 1905 2400 ,-

252 2415 350 2450 haec
367 2414 416 2450 de
434 2414 520 2462 ipso
539 2415 701 2450 Ferrao:
723 2415 822 2449 «Era
838 2414 1117 2450 Bertholameu
1141 2415 1284 2450 Ferrao
1306 2420 1540 2463 portuguez,
1565 2416 1718 2450 natural
1741 2410 1791 2450 de
1809 2414 1902 2452 Cas-

252 2475 347 2510 tello
365 2475 530 2520 Branco,
549 2474 600 2510 do
618 2473 781 2521 bispado
799 2473 849 2509 da
866 2474 1039 2518 Guarda,
1058 2474 1109 2509 de
1127 2475 1250 2510 nobre
1266 2478 1452 2522 geracao:
1473 2475 1629 2522 quando
1653 2486 1703 2510 eu
1720 2476 1902 2522 cheguey

252 2545 275 2569 a
292 2535 416 2569 Roma
434 2546 457 2570 o
474 2546 577 2570 anno
595 2534 644 2570 de
663 2533 723 2579 53,
741 2533 831 2569 auia
846 2545 898 2580 ya
915 2536 1027 2580 algfis
1052 2546 1175 2570 annos
1198 2546 1275 2582 que
1299 2546 1365 2570 era
1389 2540 1529 2579 morto,
1554 2546 1637 2570 mas
1661 2535 1786 2581 achey
1810 2533 1907 2570 uiuo

252 2595 305 2629 hfi
323 2594 418 2630 odor
434 2594 584 2640 grande
601 2594 651 2630 de
669 2605 740 2629 sua
757 2593 927 2629 virtude.
947 2594 1060 2630 Tudo
1085 2605 1107 2629 o
1130 2606 1207 2642 que
1230 2594 1334 2630 delle
1357 2594 1449 2642 aqui
1471 2594 1578 2640 digo,
1603 2595 1726 2629 soube
1750 2605 1821 2641 por
1838 2594 1908 2631 via

253 2653 377 2689 muito
395 2659 517 2699 certa,
536 2654 684 2690 dubido
701 2665 745 2690 se
762 2653 830 2700 foy
847 2653 897 2689 de
916 2654 965 2689 N.
986 2665 1135 2690 mesmo
1159 2654 1220 2699 P„
1239 2665 1263 2690 o
1279 2655 1369 2702 qual
1393 2666 1416 2690 o
1439 2659 1669 2690 costumaua
1691 2655 1848 2689 chamar
1865 2654 1902 2689 el

253 2714 472 2749 intentable
479 2740 487 2749 .
495 2727 512 2748 »

324 2776 338 2795 ²
390 2774 480 2820 Ms.,
499 2786 554 2809 m.

326 2834 340 2853 ⁵
391 2834 481 2880 Ms,
503 2834 756 2869 Salmerone.

325 2895 340 2914 ⁴
389 2893 593 2929 Elisabeth
610 2895 750 2940 Roser,
769 2893 818 2928 de
836 2905 912 2940 qua
940 2893 1097 2940 saepius
1115 2893 1156 2930 in
1179 2893 1240 2930 his
1264 2893 1538 2929 Monumentis
1554 2894 1662 2935 hist„
1683 2897 1724 2928 et
1740 2892 1781 2928 in
1802 2891 1905 2928 Car-

255 2956 318 2988 tas
335 2955 382 2989 de
403 2954 442 2990 S.
464 2954 646 3002 Ignacio.

326 3014 341 3036 ⁵
392 3013 562 3061 Aliquod
592 3015 758 3050 verbum
787 3013 850 3049 hic
876 3014 1091 3050 desiderari
1117 3014 1288 3059 videtur,
1313 3025 1385 3060 sc.,
1404 3014 1574 3056 amicus,
1600 3013 1809 3060 propitius
1838 3012 1906 3049 vel

256 3073 363 3109 aliud
381 3073 524 3109 simile.

327 3135 342 3156 ⁶
393 3133 494 3169 Vide
514 3146 645 3181 supra,
666 3146 704 3170 n.
726 3143 786 3170 22.
