2020 3464
870 295 1091 335 APPEme
1732 295 1803 336 803

156 395 383 452 quoddam
405 395 638 452 profectus
663 402 710 440 et
736 394 1028 452 perfectionis
1056 395 1302 452 spiritualis
1331 394 1607 439 desiderium
1633 396 1804 440 nostris

156 469 335 512 semper
361 455 534 512 injiciat
559 462 606 500 et
632 461 841 507 renouet,
872 461 1025 498 tamen
1051 454 1098 498 id
1124 455 1319 499 maxime
1355 454 1565 512 apparuit
1600 455 1803 500 aduentu

159 516 209 559 P.
226 515 417 569 NataliS,
436 515 570 559 cuius
587 529 726 572 opera
738 521 785 557 et
797 513 935 567 uiam,
955 528 1092 569 quam
1103 514 1310 572 aggressi
1326 529 1501 567 sumus,
1519 514 1804 560 manifestius

158 581 205 618 et
221 576 437 619 docemur
453 582 500 619 et
516 575 574 619 ad
588 573 971 632 progrediendum
990 573 1187 630 totisque
1210 574 1384 617 uiribus
1405 574 1452 617 in
1468 574 1604 618 uinea
1618 575 1804 618 Domini

158 635 483 678 elaborandum
505 649 598 678 non
618 632 906 677 mediocriter
925 647 1084 677 omnes
1105 633 1412 677 accendimur.

250 693 468 738 Peruenit
489 693 564 737 ille
584 693 632 736 in
652 700 859 736 nostrum
886 692 1130 749 collegium
1152 693 1210 736 ad
1237 693 1447 749 quintum
1476 693 1703 736 decimum
1725 708 1802 738 ca-

158 753 316 797 lendas
337 753 558 810 Augusti3
582 767 778 809 cumque
799 767 854 796 ea
874 751 1055 795 interim
1077 751 1238 804 obiret,
1265 766 1383 809 quae
1404 753 1461 795 ad
1477 767 1610 796 suum
1633 768 1801 797 munus

156 812 403 869 pertinent,
427 827 511 856 nos
532 826 689 856 omnes
710 818 757 855 et
779 811 921 855 uerbo
942 818 988 854 et
1016 811 1223 868 exemplo
1249 826 1527 868 magnopere
1557 812 1796 856 recreauit.

156 873 250 918 Sed
277 886 382 916 cum
408 873 524 916 haec
561 878 774 928 agentem
798 869 935 914 febris
971 870 1231 923 inuasisset,
1265 871 1414 914 uisum
1438 878 1508 914 est
1529 871 1718 915 medicis
1749 882 1800 915 ut

156 931 509 989 Olyssipponem
529 931 798 983 discederet,
823 944 883 973 ne
903 929 1044 973 nimio
1066 929 1204 973 huius
1221 930 1347 973 urbis
1368 937 1499 974 aestu
1521 932 1707 975 morbus
1728 931 1791 974 in-

85 1012 87 1014 ·
154 998 465 1048 grauesceret.
486 992 697 1047 Cumque
717 989 901 1046 singula
922 989 1161 1046 gymnasia
1187 989 1501 1047 percurrisset,
1533 998 1800 1048 praecepto-

153 1065 227 1095 res
247 1052 563 1109 praelegentes
583 1049 851 1102 audiuisset,
871 1048 1244 1105 interfuissetque
1265 1049 1536 1106 promotioni
1558 1050 1796 1094 cuiusdam

155 1110 362 1168 magistri
388 1118 434 1155 et
462 1109 656 1167 publicis
682 1108 819 1153 etiam
841 1108 1098 1165 theologiae
1120 1109 1527 1166 disputationibus,
1557 1109 1605 1153 in
1633 1111 1800 1166 quibus

159 1185 277 1214 unus
312 1185 339 1215 e
374 1169 542 1214 nostris
573 1168 849 1213 assertiones
886 1170 1104 1224 quasdam
1142 1170 1372 1222 tuebatur,
1403 1168 1726 1226 condiscipulis
1754 1177 1801 1213 et

155 1229 419 1274 doctoribus
438 1245 516 1274 eas
536 1227 930 1286 impugnantibus;
954 1226 1125 1284 itaque,
1145 1235 1332 1273 secutus
1349 1229 1628 1273 medicorum
1646 1229 1797 1273 consi-

157 1289 283 1343 lium,
303 1289 475 1346 recepit
491 1303 540 1333 se
556 1288 925 1345 Ulyssipponem,
945 1288 1025 1330 ubi
1041 1288 1191 1345 coepit
1212 1288 1373 1332 melius
1390 1289 1573 1332 habere:
1587 1288 1694 1332 hinc
1710 1289 1798 1333 ite-

156 1364 259 1393 rum
278 1356 349 1393 est
374 1348 607 1392 inuisurus
633 1350 722 1391 hoc
748 1354 956 1390 nostrum
977 1347 1240 1405 collegium,
1266 1355 1313 1392 et
1333 1362 1439 1391 mox
1460 1347 1508 1391 in
1530 1348 1798 1405 Hispaniam

155 1408 409 1454 citeriorem
430 1408 729 1452 discessurus.

245 1468 354 1526 Egit
381 1483 438 1512 ex
464 1467 602 1512 animi
632 1468 859 1512 sententia
885 1482 991 1512 cum
1014 1466 1242 1510 cardinale
1263 1467 1321 1511 de
1349 1466 1435 1519 his,
1462 1481 1578 1522 quae
1601 1467 1659 1510 ad
1679 1468 1798 1511 hanc

154 1527 431 1572 academiam
453 1534 677 1584 spectant,
702 1542 839 1583 quam
866 1541 971 1571 cum
999 1526 1146 1570 eidem
1169 1526 1474 1583 significasset
1496 1526 1582 1570 sibi
1603 1541 1796 1584 magno—

152 1602 261 1645 pere
281 1587 523 1645 placuisse,
555 1587 633 1630 uix
660 1586 751 1630 dici
771 1594 923 1645 potest
951 1593 1168 1642 quantam
1195 1586 1271 1630 ille
1298 1586 1469 1643 ceperit
1493 1586 1631 1629 animi
1660 1587 1794 1630 volu-

186 1653 341 1691 tatem.

148 1662 183 1707 P
318 1708 580 1762 Antequam
608 1707 747 1750 Pater
777 1705 954 1749 Natalis
982 1705 1334 1762 Olyssipponem
1363 1704 1690 1761 proficisceret,
1716 1720 1798 1749 ex-

154 1765 488 1810 hortationibus
514 1765 732 1809 excitauit
757 1779 915 1809 omnes
943 1766 1000 1808 ad
1033 1765 1225 1812 maiores
1251 1764 1299 1807 in
1328 1764 1498 1809 uirtute
1526 1780 1798 1822 progressus

157 1826 407 1878 faciendos,
446 1827 536 1869 hoc
571 1824 835 1882 praesertim
874 1832 1092 1881 tempore,
1132 1839 1224 1880 quo
1260 1825 1318 1867 ab
1354 1824 1517 1868 studiis
1545 1825 1797 1868 litterarum

155 1884 299 1930 otium
320 1892 418 1929 erat
439 1885 661 1937 futurum,
686 1883 1014 1942 proposuitque
1035 1885 1293 1941 catalogum
1309 1883 1726 1938 mortificationum,
1747 1891 1798 1928 ut

154 1943 264 1990 inde
283 1944 598 2000 unusquisque
617 1944 824 2001 eligeret,
849 1957 967 2000 quae
988 1943 1074 1987 sibi
1093 1943 1141 1987 in
1161 1943 1359 1988 Domino
1377 1943 1523 2000 magis
1544 1944 1791 2000 placerent.

155 2005 431 2060 Quanquam
458 2018 569 2048 uero
606 2005 768 2048 fratres
793 2005 912 2047 hanc
949 2002 1162 2046 feriarum
1193 2003 1479 2047 occasionem
1507 2018 1689 2060 semper
1715 2019 1797 2048 ex-

152 2071 353 2120 pectent,
379 2070 432 2107 ut
451 2077 501 2109 se
517 2063 564 2108 in
580 2063 803 2107 similibus
823 2064 961 2106 rebus
977 2070 1237 2117 exerceant,
1263 2070 1414 2106 tamen
1442 2063 1567 2106 hisce
1589 2062 1797 2106 admoni-

153 2123 370 2176 tionibus,
395 2123 524 2167 uelut
549 2122 802 2169 calcaribus
829 2122 1118 2179 quibusdam,
1149 2124 1396 2166 accedente
1427 2122 1599 2166 Christi
1630 2122 1794 2179 gratia,

152 2182 367 2228 maiorem
394 2182 443 2225 in
478 2183 664 2226 modum
692 2189 800 2226 sunt
830 2181 1110 2235 inflammati,
1142 2189 1279 2238 atque
1310 2182 1373 2225 ita
1401 2182 1606 2225 certatim
1629 2197 1796 2238 magna

152 2242 449 2287 contentione
470 2248 633 2298 petunt
654 2248 707 2284 ut
725 2241 973 2286 humilibus
1001 2241 1287 2285 destinentur
1308 2241 1586 2294 ministeriis,
1611 2249 1658 2285 et
1679 2256 1797 2285 non—

152 2301 289 2345 nullis
310 2301 575 2346 conceditur
592 2308 643 2344 ut
659 2300 850 2357 emptori
870 2300 1089 2354 seruiant,
1108 2308 1246 2356 atque
1268 2302 1324 2344 ab
1341 2316 1396 2344 eo
1418 2308 1570 2357 empta
1590 2300 1637 2343 in
1654 2302 1794 2345 colle-

154 2361 282 2418 gium
303 2360 506 2406 humeris
526 2360 745 2414 baiulent3
776 2359 852 2403 alii
878 2375 928 2404 se
949 2361 1007 2404 ad
1039 2360 1290 2417 spiritualia
1321 2360 1561 2415 Societatis
1583 2360 1798 2405 exercitia

155 2420 394 2478 colligunt3
428 2420 503 2465 alii
530 2419 897 2477 peregrinantur;
929 2419 1002 2463 alii
1031 2419 1078 2463 in
1106 2420 1386 2465 recreatione
1407 2419 1612 2476 publicas
1640 2434 1794 2476 repre-

154 2479 401 2525 hensiones
421 2479 679 2537 impetrant;
704 2478 779 2522 alii
801 2494 850 2523 se
871 2479 991 2522 ultro
1018 2479 1199 2535 publice
1219 2479 1374 2537 flagris
1396 2480 1609 2523 caedunt.
1635 2481 1797 2535 Neque

123 2537 125 2539 ’
156 2540 323 2584 desunt
345 2538 423 2596 qui
454 2540 656 2583 secundo
676 2553 858 2595 quoque
885 2537 960 2583 die
986 2540 1043 2582 ad
1070 2538 1307 2582 minimum
1337 2538 1600 2583 deseruiant
1621 2538 1692 2592 iis,
1718 2538 1796 2595 qui

155 2598 202 2642 in
223 2598 443 2642 custodiis
463 2598 656 2655 publicis
673 2605 718 2643 et
734 2597 781 2641 in
798 2597 1129 2641 ualetudinario
1151 2606 1276 2651 sunt,
1302 2599 1425 2654 quod
1445 2598 1581 2642 etiam
1599 2599 1665 2654 (ut
1686 2598 1797 2642 alias

154 2657 374 2715 scriptum
391 2659 474 2715 est)
492 2658 667 2714 reliquo
684 2657 792 2701 anni
806 2664 1010 2714 tempore
1025 2657 1187 2702 diebus
1202 2658 1416 2703 feriarum
1439 2657 1537 2701 fieri
1559 2658 1731 2701 solet...
1762 2660 1791 2701 ¹.

944 2723 997 2758 15

242 2777 319 2820 Ex
346 2777 429 2820 litt.
455 2776 685 2833 quadrim.
719 2777 779 2819 P.
816 2775 1055 2819 Michaelis
1093 2777 1306 2834 Vanegas
1327 2777 1342 2797 ²
1358 2811 1367 2819 .
1403 2775 1737 2828 Conimbricae‚
1768 2787 1794 2818 Ι

153 2836 426 2892 Septembris
448 2837 697 2890 156I.—...
723 2837 940 2880 Extremo
957 2849 1114 2880 mense
1136 2835 1257 2879 Maio
1278 2838 1369 2879 huc
1391 2834 1518 2880 uenit
1536 2836 1675 2879 Pater
1696 2850 1794 2879 ma-

153 2894 297 2953 gister
313 2894 623 2951 Hieronymus
644 2894 836 2948 Natalis,
861 2895 978 2938 duos
998 2893 1178 2938 circiter
1198 2910 1379 2941 menses
1407 2894 1528 2951 apud
1549 2909 1633 2938 nos
1664 2909 1793 2938 man—

225 3052 241 3120 ἰ
291 3048 414 3135 3)ὲάΡῖ
428 3049 615 3143 {ciii-uagas
632 3097 723 3133 vide
741 3109 871 3145 supra,
890 3109 1007 3145 pagg.
1026 3106 1112 3145 491,
1129 3108 1214 3144 4923
1241 3099 1309 3135 ubi
1329 3098 1439 3134 illum
1462 3097 1593 3133 laudat
1607 3097 1652 3133 P.
1668 3096 1792 3132 Nadal

156 3145 264 3181 hisce
282 3144 435 3181 verbis:
453 3157 494 3181 es
509 3157 604 3192 muy
622 3145 723 3181 buen
739 3146 936 3182 rhetorico
949 3158 974 3192 y
988 3149 1123 3193 poeta.
