2060 3490
269 275 337 312 144
843 267 982 302 EPIST.
1010 266 1055 302 P.
1083 266 1332 311 NADAL—-46

258 369 432 413 dilecto
455 369 502 412 in
523 369 665 413 Chro.
694 368 822 412 fratri
842 369 1022 412 doctori
1044 371 1157 413 M.10
1186 368 1466 424 Hieronymo
1487 368 1656 422 Natali,
1681 370 1916 414 sacerdoti

264 447 471 502 professo
493 445 697 490 eiusdem
720 445 978 498 Societatis,
1003 445 1196 489 salutem
1218 445 1265 488 in
1286 447 1409 489 Dno.
1436 444 1771 502 sempiternam.
1793 447 1915 491 Cum

263 523 342 566 diu
363 523 650 578 multumque
671 523 888 579 probatae
909 522 1043 566 nobis
1071 529 1117 565 et
1144 529 1410 578 perspectae
1435 522 1556 566 vitae
1583 529 1690 566 tuae
1719 523 1918 580 integri—

264 599 363 653 tati,
400 599 659 653 doctrinae,
690 606 736 643 et
772 599 819 642 in
855 600 993 642 rebus
1030 598 1244 656 gerendis
1280 599 1566 655 prudentiae,
1604 614 1722 655 quae
1758 607 1828 644 est
1863 600 1917 644 in.

266 677 451 721 Christo
467 678 601 734 Jesu,
632 677 877 734 plurimum
914 677 1220 729 confidamus,
1251 682 1297 719 et
1330 675 1377 718 in
1402 676 1558 733 regnis
1586 677 1914 734 Hispaniarum

264 754 408 798 multa
435 753 527 797 sint
556 753 676 797 circa
702 768 938 810 personas,
970 754 1090 806 loca,
1123 754 1308 810 regulas
1338 753 1636 807 domesticas,
1668 754 1919 799 Societatis

263 830 631 884 constitutiones,
657 845 820 886 resque
841 831 967 885 alias,
989 845 1106 886 quae
1128 837 1287 874 nostra
1307 831 1579 887 praesentia,
1604 831 1680 876 uel
1701 831 1915 886 alicuius,

264 907 342 963 qui
363 914 564 951 mentem
579 914 784 951 nostram
800 907 987 951 omnino
1005 907 1201 959 nouerit,
1222 914 1268 951 et
1284 914 1440 951 nostra
1456 908 1727 952 auctoritate
1743 909 1919 966 funga=

264 992 354 1038 tur,
380 984 633 1041 indigeant3
661 985 807 1029 visum
830 992 900 1029 est
922 985 968 1028 in
989 986 1113 1028 Dno.
1140 984 1368 1041 expedire,
1389 991 1441 1028 ut
1458 984 1542 1028 tibi
1558 986 1644 1029 hoc
1662 985 1830 1039 oneris,
1855 987 1919 1030 ad.

263 1062 350 1106 Dei
371 1061 583 1119 gloriam,
604 1069 650 1106 et
666 1062 906 1107 Societatis
923 1069 1106 1105 nostrae
1122 1061 1402 1118 spiritualem
1418 1062 1678 1116 utilitatem,
1703 1063 1918 1106 commit——

264 1147 477 1184 teremuS.
506 1141 604 1183 Nos
626 1140 767 1197 igitur
790 1147 835 1183 te
857 1140 902 1182 in
924 1139 1058 1182 dictis
1079 1139 1234 1196 regnis
1251 1139 1613 1183 commissarium
1629 1141 1913 1197 generalem,

263 1230 368 1260 cum
391 1216 517 1260 omni
538 1223 696 1260 nostra
718 1216 1007 1269 auctoritate,
1034 1231 1170 1272 quam
1194 1231 1274 1272 per
1294 1216 1415 1260 sedis
1431 1217 1706 1273 apostolicae
1721 1231 1913 1262 conces-

261 1293 434 1337 sionem
457 1293 792 1337 communicare
814 1308 1076 1350 possumus,
1097 1293 1444 1347 constituentes,
1465 1300 1517 1336 ut
1533 1294 1616 1339 tibi
1638 1308 1814 1347 omnes,
1832 1294 1915 1350 qui'

262 1371 349 1414 sub
378 1377 537 1414 nostra
563 1370 823 1414 obedientia
850 1378 981 1424 sunt,
1013 1370 1202 1427 perinde
1236 1378 1289 1414 ut
1315 1371 1471 1425 nobis,
1507 1371 1745 1425 obediant,
1777 1377 1824 1415 et
1860 1378 1916 1415 tu.

216 1476 219 1478 -
262 1447 389 1490 iuxta
410 1454 608 1491 mentem
631 1455 851 1500 nostram,
877 1462 1013 1503 quam
1043 1448 1182 1501 nosti,
1213 1454 1260 1492 et
1279 1433 1472 1491 omnino
1493 1455 1545 1491 ut
1572 1448 1620 1492 in
1644 1450 1768 1492 Dno.
1800 1462 1918 1492 con-—

265 1524 422 1568 uenire
443 1524 611 1568 senties
633 1525 680 1567 in
701 1526 839 1568 rebus
860 1525 1073 1568 omnibus
1100 1525 1242 1569 libere
1272 1526 1429 1569 eadem
1458 1524 1730 1570 auctoritate
1755 1532 1920 1570 nostra.

261 1710 434 1745 Decreta
451 1712 490 1745 et
505 1709 807 1745 Instructiones.
827 1718 1052 1757 1540-1573,
1067 1710 1135 1746 fol.
1150 1709 1196 1756 37
1210 1710 1403 1746 v.—Vide
1417 1711 1638 1757 POLANCO,
1656 1710 1822 1755 chron„
1837 1712 1917 1759 111,

260 1769 297 1814 6,
316 1781 355 1804 n.
376 1768 412 1815 3,
432 1768 501 1805 ubi
518 1770 615 1804 haec
633 1770 770 1805 habes:
791 1771 900 1805 «Hoc
919 1782 1021 1806 anno
1034 1771 1078 1806 P.
1099 1770 1368 1817 Hieronymus
1391 1770 1559 1816 Natalis,
1583 1782 1674 1806 cum
1692 1782 1742 1806 ex
1759 1770 1912 1818 Sicilia,

261 1827 429 1864 adducto
447 1839 582 1864 secum
601 1829 790 1874 Magistro
804 1829 1020 1865 Benedicto
1035 1830 1200 1876 Palmio,
1215 1831 1380 1876 Romam
1394 1829 1585 1875 venisset,
1601 1835 1642 1865 et
1658 1829 1708 1865 de
1721 1830 1917 1867 constitu--

259 1885 433 1922 tionibus
451 1897 497 1921 ac
514 1887 663 1932 regulis
681 1886 891 1922 Societatis
910 1899 999 1923 cum
1018 1888 1062 1923 P.
1090 1888 1260 1935 Ignatio,
1285 1887 1390 1936 quod
1413 1888 1635 1935 oportebat,
1661 1888 1917 1935 contulisset,

256 1947 306 1982 ab
325 1945 465 1981 eodem
483 1946 715 1993 instructus,
735 1952 776 1982 et
793 1959 863 1994 per
881 1953 1062 1994 patentes
1081 1948 1249 1994 litteras,
1267 1953 1406 1996 quarto
1423 1947 1513 1983 idus
1538 1947 1700 1995 Aprilis,
1720 1947 1918 1985 Commis-

256 2005 382 2041 sarius
400 2005 441 2040 in
459 2005 670 2052 Hispanias
689 2006 832 2042 missus
852 2011 927 2052 est,
948 2012 991 2042 ut
1008 2007 1313 2044 constitutiones
1330 2019 1375 2043 ac
1392 2008 1549 2053 regulas
1568 2006 1713 2042 nostris
1731 2006 1918 2054 collegiis

258 2070 299 2100 et
315 2065 541 2100 hominibus
560 2064 770 2101 Societatis
789 2066 963 2102 traderet
981 2078 1026 2102 ac
1043 2067 1299 2104 declararet.»

328 2125 390 2159 De
408 2124 481 2159 hae
499 2123 686 2160 missione
704 2126 748 2161 P.
769 2126 893 2161 Nadal
913 2126 953 2162 in
971 2127 1202 2175 Hispaniam
1220 2132 1261 2163 et
1284 2126 1580 2173 Portugalliam,
1599 2126 1698 2162 haec
1710 2125 1825 2173 juvat
1844 2137 1917 2161 ex-

254 2195 417 2231 cerpere
436 2195 487 2219 ex
505 2184 648 2220 litteris
666 2185 707 2220 S.
728 2186 871 2231 Ignatii
885 2186 933 2221 ad
947 2187 991 2222 P.
1009 2187 1149 2234 Miron,
1170 2187 1395 2223 Lusitaniae
1413 2186 1710 2234 provincialem,
1727 2193 1747 2230 5
1763 2184 1918 2232 Aprilis

258 2242 350 2289 1553
367 2243 484 2279 datis:
506 2245 760 2291 «...Despu‹÷s
778 2246 827 2281 de
846 2246 983 2282 scritto
1001 2248 1038 2283 lo
1063 2247 1112 2282 de
1135 2248 1248 2282 hasta
1269 2249 1374 2294 aqui,
1401 2245 1667 2282 entendiendo
1690 2256 1767 2293 que
1790 2256 1842 2280 no
1867 2256 1917 2281 se⁴

257 2305 381 2350 partia
398 2304 434 2339 el
452 2314 601 2349 correo,
621 2316 664 2340 se
682 2306 731 2340 ha
749 2311 890 2352 puesto
908 2309 994 2342 e'sta
1012 2319 1063 2342 en
1076 2308 1112 2342 el
1128 2307 1376 2352 emboltorio,
1391 2306 1520 2342 donde
1535 2305 1694 2341 afiadire
1709 2307 1731 2340 a
1743 2306 1781 2340 lo
1795 2304 1917 2340 dicho

256 2374 333 2410 que
356 2375 400 2398 se
423 2364 543 2410 ynbia
567 2365 642 2400 alla
665 2366 700 2400 al
725 2365 769 2400 P.
796 2366 872 2401 M.0
892 2366 1031 2413 Nada1,
1057 2379 1135 2414 que
1165 2368 1312 2402 lleuara
1342 2368 1399 2402 las
1422 2364 1743 2411 constitutiones,
1768 2376 1796 2411 y
1817 2363 1917 2400 dara.

253 2421 378 2458 forma
395 2434 487 2469 para
506 2423 564 2458 los
582 2423 771 2470 collegios
790 2427 812 2460 ό
831 2427 999 2471 scuelas,
1018 2438 1130 2462 como
1149 2426 1242 2462 bien
1266 2425 1491 2461 exercitado
1515 2436 1566 2460 en
1590 2425 1701 2469 ellas,
1720 2435 1747 2470 y
1765 2424 1909 2459 soltara

254 2481 303 2517 de
322 2482 484 2529 palabra
501 2483 559 2518 las
577 2482 702 2518 dudas
725 2496 802 2531 que
828 2497 897 2532 por
921 2486 1058 2522 scritto
1081 2475 1352 2522 diffieilmente
1375 2484 1531 2532 pueden
1549 2485 1731 2530 soltarse,
1755 2495 1783 2530 y
1799 2482 1915 2518 final--

256 2546 389 2576 mente
408 2541 570 2577 uisitata
587 2554 700 2578 como
718 2544 926 2580 comisario
943 2557 1018 2581 con
1037 2546 1128 2582 toda
1146 2547 1182 2581 la
1202 2545 1407 2581 autoridad
1429 2544 1479 2580 de
1503 2544 1552 2579 N.
1569 2544 1614 2579 P.
1634 2545 1694 2579 los
1717 2542 1914 2588 collegios

255 2600 304 2635 de
323 2601 509 2647 Portugal
527 2614 554 2649 y
571 2614 697 2648 casas,
716 2616 743 2650 y
761 2605 937 2640 tambie'n
956 2606 1014 2640 las
1031 2605 1165 2641 demAs
1183 2605 1233 2641 de
1250 2605 1418 2652 Espafia.
1438 2603 1481 2639 Si
1499 2604 1581 2639 sale
1607 2604 1643 2639 la
1665 2607 1809 2638 euenta
1831 2613 1915 2650 que

252 2662 322 2695 aea
340 2671 384 2695 se
402 2661 514 2706 haze,
534 2673 605 2708 por
623 2662 715 2698 todo
733 2663 848 2710 Mayo
867 2676 935 2700 sea
953 2677 1003 2700 en
1021 2666 1250 2710 Barcelona,
1269 2664 1503 2700 detendrase
1528 2664 1565 2699 lo
1589 2675 1666 2710 que
1691 2661 1820 2710 pueda
1842 2661 1907 2697 del

252 2731 401 2755 verano
425 2732 475 2756 en
498 2722 557 2757 los
582 2723 772 2769 collegios
797 2724 846 2759 de
870 2726 1045 2772 Espafia‚
1070 2738 1098 2772 y
1122 2737 1215 2773 para
1238 2726 1274 2760 el
1298 2724 1505 2772 ymbierno
1529 2726 1616 2759 sera
1639 2724 1736 2768 alla,
1767 2733 1842 2757 con
1871 2722 1915 2757 la,

250 2780 385 2825 gracia
414 2780 561 2816 diuina.
588 2782 689 2818 Pero
713 2783 746 2818 si
771 2783 908 2819 ubiese
934 2785 1168 2821 necessidad
1193 2790 1375 2831 urgente,
1400 2785 1595 2819 scriuanle
1619 2782 1742 2818 desde
1766 2782 1841 2816 alla
1858 2791 1915 2816 en,

257 2839 440 2877 Valentia
463 2843 486 2875 ό
510 2840 654 2887 Ofiate,
680 2854 772 2889 para
794 2855 871 2890 que
896 2856 938 2879 se
962 2845 1011 2880 de
1037 2844 1181 2892 priesa,
1206 2842 1233 2891 y
1257 2855 1307 2879 no
1330 2843 1469 2879 saltara
1493 2845 1665 2890 (aunque
1683 2853 1726 2877 es
1744 2841 1912 2876 hombre

254 2898 330 2932 mal
349 2901 460 2943 sano)
479 2899 528 2934 de
546 2912 594 2946 yr
611 2901 699 2946 alla,
714 2913 790 2948 que
809 2913 851 2937 es
871 2914 917 2937 su
939 2903 1092 2939 intento
1113 2903 1317 2950 principal.
1342 2903 1532 2948 Holgaria
1554 2902 1603 2937 N.
1629 2902 1674 2936 P.
1693 2911 1771 2947 que
1793 2899 1912 2935 fuese

253 2951 408 3002 ll⁷egado
427 2959 463 2994 el
482 2959 525 2994 P.
547 2959 654 3006 Luys
673 2960 887 3007 Gonzalez,
908 2965 930 2997 ό
948 2975 1024 3010 que
1044 2975 1087 2999 se
1106 2964 1216 2999 uiese
1235 2974 1285 2998 en
1303 2964 1339 2998 el
1363 2962 1517 2998 camino
1535 2973 1610 2997 con
1628 2961 1679 3006 el,
1700 2960 1734 2995 si
1752 2958 1918 3006 posible·

251 3019 351 3061 sera3
378 3029 472 3064 pero
497 3030 568 3065 por
592 3024 677 3055 este
701 3032 784 3055 mes
809 3033 883 3056 con
908 3023 943 3057 la
968 3023 1096 3069 ayuda
1122 3022 1256 3058 diuina
1281 3034 1324 3058 se
1348 3021 1492 3070 partira
1516 3021 1565 3057 de
1582 3021 1720 3056 Roma.
1740 3019 1803 3054 No
1820 3017 1909 3053 dire·

254 3080 340 3111 otro
359 3087 429 3123 por
447 3083 546 3124 esta,
566 3078 652 3114 sino
670 3091 746 3126 que
765 3092 827 3116 me
846 3086 958 3117 torno
978 3084 1118 3118 mucho
1142 3085 1164 3118 a
1188 3082 1449 3118 encomendar
1473 3092 1524 3116 en
1546 3082 1602 3117 las
1627 3078 1830 3116 oraciones
1854 3076 1910 3112 de
