2020 3464
871 237 1093 274 APPENDm
1727 247 1797 286 757

151 330 266 376 adeo
286 331 478 375 invaluit
500 333 693 378 tentatio
715 335 769 378 Ρ.
797 333 1049 388 Benedicti,
1074 342 1127 379 ut
1148 337 1202 380 P.
1229 335 1396 389 Natali,
1431 350 1550 399 equo
1573 335 1663 380 iam
1684 335 1797 394 insi-

151 390 294 444 denti,
318 390 490 436 diceret
511 406 562 436 se
582 394 709 437 nullo
730 393 865 436 modo
892 408 1027 450 posse
1057 409 1112 438 ea
1144 395 1496 453 quadragesima
1524 395 1795 440 contionari.

153 449 244 494 Hic
264 452 456 496 haerens
480 454 532 496 P.
559 452 750 507 Natalis,
778 453 960 498 tandem
983 452 1046 498 ait
1066 454 1130 497 illi
1153 456 1268 512 (Deo
1289 455 1355 499 sic
1376 455 1665 512 disponente,
1691 454 1797 512 quia

155 511 293 556 Pater
314 518 470 555 noster
497 512 700 556 nondum
727 488 814 556 i'llis
842 512 1057 570 cognitus
1084 521 1197 568 erat,
1228 515 1352 570 quod
1380 514 1592 559 videlicet
1620 521 1796 559 tantum

155 571 282 614 Deus
303 585 384 627 per
405 585 509 615 eum
531 571 652 615 circa
678 573 797 615 hanc
825 571 1021 616 animam
1051 573 1227 629 operari
1259 574 1433 631 vellet):
1472 573 1671 630 «Accipe
1705 576 1796 618 Pa-

156 636 271 673 trem
293 636 500 674 nostrum
522 632 580 675 N.
612 638 828 687 tanquam
856 646 1095 688 personam
1124 646 1289 687 meam,
1324 642 1370 678 et
1401 633 1475 677 dic
1507 633 1571 676 illi
1603 647 1676 677 me
1707 635 1795 677 hoc

154 689 356 743 iussisse,
382 689 650 746 aperiasque
669 689 734 733 illi
755 690 918 735 seriem
940 691 1080 735 totius
1099 692 1407 746 tentationis»,
1427 707 1564 748 quam
1581 692 1645 736 illi
1662 700 1796 737 antea

154 763 387 806 nunquam
409 756 669 806 aperuerat:
695 751 817 806 quod
838 763 943 793 cum
967 753 1021 795 P.
1048 751 1325 796 Benedictus
1348 751 1546 804 fecisset,
1572 751 1704 796 iussit
1732 751 1795 795 illi

154 810 292 853 Pater
311 815 467 853 noster
488 809 606 853 bene
626 823 808 866 sperare
829 809 877 853 in
899 809 1111 864 Domino,
1136 810 1356 868 pollicens
1377 811 1504 855 illum
1532 811 1651 855 intra
1679 811 1795 855 octi-

151 868 294 911 duum
316 867 478 912 melius
498 867 778 922 habiturum,
809 876 855 912 et
882 868 930 912 in
958 869 1109 914 medio
1140 870 1516 939 quadragesimae
1546 886 1654 915 vere
1684 885 1796 914 can—

152 933 352 971 taturum
375 928 544 971 laetare
570 928 881 981 Hierusalem,
909 932 951 972 et
978 930 1171 973 laetatus
1202 945 1305 973 sum
1339 932 1389 973 in
1422 930 1495 973 his
1528 944 1643 986 quae
1674 931 1796 974 dicta

150 990 259 1031 sunt
278 986 409 1040 mihi,
431 1001 548 1044 quae
571 994 722 1031 tamen
747 988 872 1032 Patri
896 987 1146 1032 Benedicto
1167 989 1439 1033 videbantur
1463 989 1596 1034 fere
1584 989 1795 1046 lmpossi-

152 1045 276 1090 bilia.

241 1105 486 1150 Dominica
506 1120 619 1163 ergo
640 1107 786 1164 prima
806 1107 1104 1152 concionatus
1133 1115 1203 1153 est
1230 1109 1289 1152 de
1319 1107 1586 1161 tentatione,
1621 1115 1667 1152 et
1699 1123 1796 1153 me-

150 1165 239 1210 lius
260 1179 398 1233 quam
418 1165 544 1233 prius
565 1181 767 1223 unquam
796 1167 982 1221 fecerat,
1013 1167 1237 1225 siquidem
1265 1167 1311 1211 id
1343 1167 1538 1211 faciebat
1569 1183 1627 1212 ex
1655 1183 1794 1224 expe—

150 1224 329 1278 rientia,
354 1231 400 1269 et
421 1224 484 1270 ita
505 1225 722 1283 deinceps
743 1241 921 1283 semper
944 1227 1195 1272 ferventius
1214 1226 1521 1284 praedicabat,
1553 1241 1689 1283 quam
1718 1242 1794 1271 so—

150 1284 259 1329 litus
280 1292 394 1338 erat,
419 1299 613 1342 seseque
633 1285 681 1329 111
701 1285 928 1331 dominica
955 1289 1151 1331 Laetare
1172 1286 1584 1331 consolatissimum
1606 1286 1791 1344 reperit,

150 1344 219 1388 uti
239 1343 303 1388 illi
327 1346 464 1388 Pater
485 1345 794 1402 praedixerat3
824 1346 1110 1391 auditoribus
1136 1361 1248 1392 vero
1278 1361 1512 1402 nunquam
1540 1346 1667 1390 visus
1696 1353 1795 1390 erat

150 1411 242 1448 tam
264 1401 494 1449 ferventer
514 1405 776 1461 praedicare
797 1413 850 1450 ut
870 1421 927 1450 ex
955 1421 1011 1450 eo
1039 1414 1259 1464 tempore,
1290 1405 1465 1451 scilicet
1492 1405 1651 1449 ultima
1678 1420 1794 1462 qua-

147 1463 418 1532 dragesima.
445 1465 585 1508 Immo
607 1465 901 1521 proficiscens
922 1481 1002 1523 per
1025 1468 1336 1511 Panhormum
1358 1467 1569 1519 Romam,
1594 1464 1673 1519 ibi,
1701 1468 1791 1509 Pa-

148 1523 310 1577 normi,
334 1523 382 1567 in
404 1538 496 1567 una
516 1538 600 1568 sua
621 1524 844 1569 concione
865 1525 1110 1570 dicebatur
1123 1528 1252 1571 Deus
1273 1540 1354 1583 per
1374 1540 1481 1569 eum
1509 1537 1560 1569 12
1582 1524 1793 1569 meretri-

146 1597 224 1627 ces
244 1582 541 1639 convertisse,
566 1598 683 1640 quae
705 1584 768 1628 ibi
788 1585 1063 1644 principium
1087 1587 1294 1631 fecerunt
1321 1586 1486 1629 domus
1513 1583 1794 1642 probationis

148 1656 493 1687 conversarum.

953 1755 994 1798 V

443 1824 536 1867 D.A
571 1824 851 1869 ELISABETH
882 1840 946 1870 DE
982 1827 1123 1870 VEGA
1160 1839 1222 1870 ET
1260 1839 1324 1870 DE
1361 1826 1500 1870 LUNA

614 1895 808 1941 SANCTO
826 1897 1030 1942 IGNATIO
1051 1911 1116 1943 DE
1138 1898 1338 1942 LOYOLA

587 1973 818 2029 Panormi,
869 1987 915 2018 11
963 1974 1116 2019 Martii
1164 1985 1275 2030 1553
1323 1975 1352 2018 ¹.

514 2049 661 2086 Dolet
693 2051 747 2086 de
781 2051 955 2088 Patris
988 2051 1152 2088 Nadal
1184 2052 1419 2090 discessu.

957 2110 988 2170 ,Γ

232 2182 343 2237 Muy
366 2181 481 2225 Rdo.
511 2182 676 2227 Sefior:
703 2183 757 2227 El
779 2184 928 2228 Padre
942 2190 1111 2228 mastre
1127 2184 1274 2228 Nadal
1290 2198 1376 2227 nos
1391 2184 1509 2228 dexa
1527 2190 1655 2227 tanta
1670 2183 1789 2226 sole-

142 2241 250 2294 dad,
274 2255 304 2296 y
325 2244 353 2284 a
372 2255 449 2297 my
470 2242 902 2298 partycularmente,
927 2257 1016 2300 que
1037 2258 1092 2300 sy
1112 2258 1173 2287 no
1189 2258 1262 2288 me
1279 2244 1495 2288 acordase
1512 2257 1602 2299 que
1619 2257 1669 2287 es
1685 2256 1790 2285 cosa

145 2314 235 2357 que
263 2301 322 2345 V.
354 2315 414 2343 m.
446 2300 491 2344 10
518 2301 700 2355 manda,
734 2306 761 2346 a
798 2317 950 2359 quyen
979 2304 1112 2347 todos
1138 2318 1264 2348 emos
1293 2304 1350 2347 de
1379 2302 1619 2356 obedezer,
1651 2316 1711 2344 no
1738 2304 1789 2345 se

143 2363 276 2403 como
296 2374 347 2404 se
369 2359 541 2416 podrya
562 2361 728 2417 sufryr.
755 2363 800 2406 A
817 2362 883 2407 Su
901 2364 1196 2420 Reverencya
1216 2378 1243 2407 e
1264 2363 1444 2415 ablado,
1469 2377 1499 2418 y
1521 2364 1789 2418 rymytyen—

146 2419 282 2464 dome
302 2423 329 2463 a
351 2419 395 2463 el
416 2434 478 2463 no
500 2420 612 2476 dyre
633 2424 747 2474 mas,
772 2422 830 2465 de
850 2436 940 2478 que
967 2423 1157 2480 suplyco
1185 2426 1212 2466 a
1237 2423 1293 2467 V.
1323 2437 1384 2466 m.
1416 2436 1466 2465 se
1493 2420 1688 2465 acuerde
1716 2420 1789 2464 del

145 2479 292 2523 conde
313 2493 344 2535 y
364 2478 423 2522 de
443 2494 521 2536 my
541 2493 600 2523 en
622 2494 701 2523 sus
723 2495 987 2538 oraeyones.

233 2538 302 2583 Su
323 2538 555 2583 servidora
575 2540 686 2583 besa
706 2540 772 2584 135
794 2555 953 2585 11131105
974 2545 1001 2585 a
1022 2543 1081 2586 V.
1101 2556 1183 2597 m.,
1202 2556 1320 2598 cuya
1337 2555 1446 2597 muy
1463 2538 1573 2584 R.da
1595 2552 1788 2595 persona

146 2598 323 2654 guarde
344 2605 534 2642 nuestro
555 2599 718 2644 Serior.

233 2658 304 2701 De
328 2657 555 2710 Palermo,
580 2662 607 2702 a
629 2657 674 2702 xi
695 2659 754 2702 de
776 2661 946 2716 Marco.

232 2717 277 2760 A
299 2730 527 2774 servycyo
548 2718 606 2762 de
622 2719 681 2762 V
706 2733 788 2771 m.,

560 2778 703 2822 DoNA
734 2779 907 2823 ISABEL
939 2793 1003 2823 DE
1034 2780 1175 2823 VEGA
1206 2793 1237 2823 Y
1268 2793 1332 2823 DE
1364 2779 1519 2828 LUNA.

231 2834 479 2890 Inscriptio
499 2838 792 2894 autographa
813 2838 865 2880 in
887 2841 1054 2894 quarta
1076 2839 1274 2896 pagina:
1301 2837 1331 2896 †
1360 2838 1422 2881 Al
1444 2850 1554 2892 muy
1571 2837 1626 2880 R.
1631 2834 1681 2871 do
1703 2836 1788 2880 Se-

140 2900 240 2946 not,
282 2893 325 2936 el
363 2894 411 2938 S.
417 2904 460 2929 or
489 2902 686 2940 maestro
723 2898 872 2941 Padre
907 2896 1140 2957 [Ignacio],
1177 2901 1421 2955 preposyto
1462 2895 1534 2953 [de
1564 2895 1608 2937 la
1643 2894 1789 2955 san]ta

142 2954 398 3009 Conpanya
419 2954 478 2998 de
496 2956 648 3013 Jesus.

213 3091 226 3113 ¹
276 3090 335 3126 Ex
352 3087 609 3136 autographo,
629 3087 669 3124 in
687 3087 817 3136 Epist.
837 3087 991 3132 Mixtis,
1014 3089 1092 3125 vol.
1113 3089 1158 3133 E,
1177 3088 1327 3136 duplici
1348 3086 1433 3134 fol„
1451 3094 1473 3133 7
1486 3087 1540 3132 (7)
1557 3087 1672 3131 (177).
