2066 3536
790 276 979 314 ComcEs
1004 276 1049 313 Ρ.
1077 276 1230 313 NADAL
1767 288 1836 316 xm

188 380 350 426 nuensi
387 386 572 425 exarata
601 380 803 433 fuerunt,
833 379 904 423 his
931 379 1106 424 verbis:
1143 394 1354 436 «aunque
1377 380 1470 424 casi
1503 384 1718 425 conoscia
1747 396 1835 438 que

187 459 390 516 aquellos
411 458 678 515 escrupulos
699 458 742 502 16
763 459 926 502 hacian
949 457 1116 502 mucho
1139 458 1276 513 dano,
1303 472 1392 514 que
1415 461 1532 502 seria
1553 459 1706 502 bueno
1733 459 1835 515 qui-

188 543 257 580 tar
287 536 446 590 dellos;
480 550 576 579 mas
603 550 663 579 no
690 536 735 580 lo
762 536 897 593 podia
928 537 1128 580 hacauar
1148 535 1373 593 'consigoz
1409 550 1610 592 pensava
1641 537 1835 593 algunas

188 628 322 657 vezes
344 629 434 671 que
455 614 498 658 16
519 617 636 658 seria
658 613 857 658 remedio
879 613 1112 658 mandarle
1128 628 1182 657 su
1191 614 1311 657 »-F
1313 613 1372 657 ol.
1406 626 1423 658 1
1436 626 1453 657 1
1479 628 1516 656 r.
1542 613 1701 670 incipit
1723 614 1836 658 alter

187 698 376 746 tractus,
401 691 621 748 ejusdem,
647 697 699 735 ut
719 691 916 744 videtur,
947 689 1256 744 amanuensis,
1287 691 1369 734 sed
1394 690 1557 735 litteris
1584 690 1836 735 minoribus

187 776 421 813 exaratus:
451 784 532 813 «su
553 770 789 814 confessor
810 784 869 814 en
890 770 1080 813 nombre
1101 769 1160 812 de
1180 770 1315 813 Ihesu
1333 768 1518 813 Christo
1536 783 1626 825 que
1642 784 1702 812 no
1725 784 1835 812 con—

186 848 409 891 fessase...
423 847 604 891 »—Fol.
636 851 686 892 1'2
710 863 747 891 r.
768 847 949 892 desinit:
973 846 1258 905 «coligiendo
1275 847 1406 891 todas
1422 853 1617 903 quantas
1633 848 1831 903 ayudas»

184 931 234 972 et,
252 924 470 969 continuo
497 925 613 969 redit
642 925 786 982 prima
814 925 1060 983 scriptura,
1091 924 1255 969 litteris
1276 925 1413 982 paulo
1435 924 1834 982 grandioribus--

184 1003 220 1045 F
222 1002 280 1046 ol.
314 1004 364 1046 18
387 1018 423 1046 r.
450 1002 633 1047 desinit:
671 1018 787 1060 «que
814 1018 873 1048 en
895 1004 1074 1060 aquella
1100 1002 1396 1060 conjunction
1424 1003 1467 1046 le
1500 1002 1658 1060 podria
1692 1017 1837 1059 ganar

147 1092 149 1095 ·
184 1094 292 1136 para
313 1095 403 1138 que
424 1081 600 1125 dexado
621 1081 665 1125 el
685 1082 875 1136 mundo,
900 1096 950 1125 se
970 1087 1238 1138 entregasse
1259 1081 1334 1125 del
1356 1081 1464 1124 todo
1491 1080 1535 1125 al
1561 1079 1756 1124 servicio
1779 1081 1836 1124 de

183 1157 442 1203 Dios.»-F
445 1159 504 1202 ol.
542 1160 593 1203 18
622 1175 667 1212 v,
698 1160 1120 1203 vacuum.—-Infra:
1157 1158 1365 1216 «seguita
1385 1159 1415 1201 1’
1441 1157 1597 1202 istoria
1618 1153 1665 1201 in
1688 1157 1835 1202 italia-

184 1250 258 1279 no.
271 1237 390 1280 »—F
393 1237 452 1280 ol.
485 1249 536 1295 19
557 1252 603 1291 v,
629 1236 716 1281 alia
738 1251 897 1282 manu:
927 1238 1017 1280 «Et
1045 1251 1126 1294 per
1157 1243 1286 1294 poter
1312 1235 1558 1293 conseguir
1580 1242 1742 1292 questo
1770 1235 1835 1293 gli

184 1312 349 1358 veniva
370 1314 650 1359 desiderio...
668 1315 861 1359 »—Fol.
896 1316 951 1359 28
979 1330 1025 1369 V,
1060 1314 1238 1358 finitur:
1275 1331 1292 1354 «
1307 1315 1354 1358 Io
1376 1309 1644 1358 desiderava
1671 1314 1836 1358 vedere

183 1392 333 1447 quelle
358 1399 483 1437 carte
509 1393 626 1437 delle
653 1392 969 1437 constitutioni
992 1399 1126 1446 tutte,
1152 1399 1197 1437 et
1218 1392 1263 1436 lo
1284 1391 1442 1450 pregai
1464 1406 1537 1436 me
1558 1392 1600 1435 16
1622 1391 1835 1436 lasciasse

185 1483 248 1513 un
268 1484 400 1526 poco,
425 1470 490 1514 lui
511 1485 606 1515 non
627 1471 769 1515 volse.
782 1488 798 1511 »

275 1547 315 1605 2)
378 1548 475 1592 Fol.
509 1560 565 1607 29
595 1555 744 1593 totum
772 1556 842 1593 est
871 1549 1216 1606 purum.—Fol.
1252 1562 1308 1604 30
1334 1563 1371 1592 r.
1403 1549 1528 1592 hunc
1555 1548 1692 1592 habet
1722 1547 1832 1592 titu-

183 1625 293 1668 lum:
323 1626 474 1669 «Acta
494 1626 717 1682 quaedam
752 1628 761 1648 ¹
793 1627 895 1670 Rdi.
920 1641 965 1683 p.
998 1642 1043 1670 n.
1075 1626 1091 1647 ¹
1121 1622 1287 1684 Ignatii
1314 1626 1372 1670 de
1400 1626 1573 1683 Loyola
1599 1624 1606 1684 Ι
1633 1625 1834 1682 primarii

182 1703 434 1747 secundum
479 1705 626 1748 DEUM
675 1704 951 1748 institutoris
983 1703 990 1763 Ι
1030 1703 1271 1750 Societatis
1312 1706 1436 1763 JESU
1476 1703 1483 1762 Ι
1526 1706 1545 1726 ³*
1587 1703 1833 1760 interprete

180 1788 226 1837 p‘.
250 1781 480 1826 Annibale
507 1783 738 1826 Coudreto
785 1782 792 1841 Ι
819 1775 1261 1827 ῑ6ῑ66ῒίἐηοηηι111ἰ5
1288 1798 1315 1826 a
1342 1797 1387 1840 p.
1419 1782 1584 1826 natali»
1611 1783 1633 1805 ³*
1661 1782 1694 1825 ³.
1730 1782 1832 1825 «Ad

179 1873 351 1903 annum
380 1874 528 1916 usque
554 1860 827 1917 vigesimum
861 1867 1041 1905 sextum
1077 1860 1163 1904 fuit
1190 1860 1470 1905 vanitatibus
1502 1860 1640 1904 huius
1673 1859 1832 1903 mundi

182 1935 446 1981 deditus...»
473 1939 646 1983 Multae
667 1938 895 1983 interdum
918 1944 1138 1996 apparent
1161 1938 1310 1983 Patris
1332 1939 1479 1983 Nadal
1501 1937 1828 1982 correctiones.

181 2015 531 2059 —Terminatur
553 2017 630 2060 sol.
656 2027 712 2072 45
756 2032 800 2060 v.
836 2023 919 2060 «ut
945 2031 1024 2060 eas
1054 2017 1274 2074 tantisper
1300 2016 1411 2060 mihi
1440 2016 1722 2074 permitteret
1747 2017 1831 2058 ha-

182 2091 370 2146 bendas,
395 2092 492 2150 ipse
513 2108 623 2138 vero
650 2094 843 2138 noluit.»
870 2095 929 2137 Et
955 2093 1088 2146 infra:
1118 2095 1267 2138 «Laus
1290 2093 1476 2138 Christo
1504 2093 1832 2137 crucifixo.»—

181 2169 217 2212 F
220 2169 281 2213 ol
306 2170 365 2224 46
386 2177 536 2215 totum
556 2186 770 2225 vacuum,
795 2179 972 2228 praeter
987 2174 1106 2216 hanc
1120 2171 1463 2229 inscriptionem
1482 2171 1545 2215 ibi
1561 2171 1828 2229 appositam:

155 2300 157 2303 ι
185 2247 326 2291 «.Rdo
358 2248 474 2304 patri
500 2249 692 2306 ignatio.
724 2249 731 2308 Ι
758 2249 900 2296 Soli.»

271 2325 311 2381 3)
373 2326 409 2369 F
412 2326 471 2370 ol
497 2338 570 2382 47.
597 2327 837 2385 Inscriptio
859 2331 1147 2386 autographa
1163 2285 1224 2374 Ρ.
1246 2329 1414 2374 Nadal:
1440 2330 1534 2372 «Lo
1553 2342 1643 2384 que
1664 2327 1829 2371 scrivio

182 2403 301 2445 m.0⁴
319 2404 544 2460 pedroche
562 2407 704 2462 frayle
720 2406 779 2450 de
795 2421 832 2450 s.
849 2406 1067 2464 domingo
1083 2423 1114 2464 y
1130 2408 1418 2464 presentado,
1439 2407 1481 2451 al
1498 2406 1755 2463 Arzobispo
1773 2405 1830 2449 de

183 2481 358 2525 Toledo
374 2481 528 2526 siliceo
546 2485 607 2527 ⁵.»
633 2485 743 2528 «Fo.
770 2497 808 2538 1,
829 2485 889 2529 sa.
912 2496 983 2529 2.a
1021 2484 1028 2544 Ι
1057 2486 1231 2530 Textus
1250 2487 1321 2529 8.»
1353 2485 1360 2545 Ι
1393 2486 1536 2529 «Cum
1554 2484 1675 2528 filius
1692 2485 1829 2540 Igna-

254 2640 266 2660 ¹
316 2637 430 2674 Prius
448 2639 636 2687 scriptum
666 2640 808 2678 fuerat:
842 2642 960 2678 «Pars
988 2642 1133 2687 vitae»;
1165 2642 1236 2678 sed
1267 2642 1310 2678 P.
1331 2641 1472 2689 Nadal,
1497 2641 1558 2677 his
1582 2639 1826 2684 cancellatis,

182 2698 283 2733 Acta
301 2699 500 2744 quaedam
519 2711 636 2747 supra
655 2701 826 2748 scripsit.

251 2757 268 2782 2
315 2758 429 2794 Prius
447 2759 636 2807 scriptum
653 2759 795 2807 fuerat,
814 2762 909 2797 Rdi.
923 2765 966 2809 p.
987 2762 1168 2810 Ignatii‚·
1192 2767 1331 2810 postea
1348 2773 1443 2797 vero
1467 2773 1584 2808 supra
1603 2760 1746 2796 lineam
1764 2759 1830 2795 ad-

181 2797 281 2853 didit
296 2830 338 2854 n.
358 2818 463 2854 idem
480 2819 525 2855 P.
546 2819 685 2856 Nadal.

252 2878 267 2898 ³
318 2878 431 2925 Quae
448 2879 523 2914 hoc
546 2879 704 2926 signo*
727 2881 1028 2926 concluduntur,
1054 2886 1146 2917 sunt
1169 2881 1298 2917 Patris
1321 2881 1445 2917 Nadal
1471 2893 1588 2916 manu
1612 2879 1771 2927 scripta,
1791 2884 1831 2915 et

182 2939 565 2992 posteancaneellata.
627 2951 630 2954 ⁴

253 2999 269 3020 ⁴
318 2998 363 3034 In
381 3010 472 3046 ms.,
490 3007 568 3035 m.⁰
589 3005 630 3036 et
647 3002 923 3038 cancellatum.

252 3058 267 3079 ⁵
315 3058 429 3095 Prius
447 3059 672 3107 scripserat,
692 3061 863 3107 Syheeo,
883 3061 1026 3098 deinde
1046 3073 1162 3111 supra
1179 3062 1286 3099 illam
1304 3073 1443 3107 vocem
1460 3061 1718 3098 cancellatam
1738 3061 1831 3097 scri—

184 3116 277 3164 psit,
293 3118 450 3155 Siliceo.
