2040 3476
248 290 320 336 064
820 287 959 324 EPIST.
986 286 1030 323 P.
1050 285 1321 324 NADAL-18¹8

337 394 409 436 No
432 406 544 445 mas,
570 405 680 435 seno
709 403 799 447 que
820 391 879 435 V.
908 391 958 435 P.
982 405 1066 434 nos
1087 390 1340 436 encomede
1361 384 1528 434 mucho
1550 403 1608 434 en
1629 402 1708 433 sus
1735 394 1890 433 santos

248 467 493 515 sacrificios
515 484 545 525 y
566 467 815 512 oraciones.

336 549 406 593 De
429 546 660 600 Coimbra,
686 547 743 590 26
769 546 825 591 de
847 547 1020 592 Ebrero
1042 546 1100 589 de
1127 546 1254 600 1562.

1080 622 1223 668 Filius
1244 621 1432 675 inutilis,

1325 700 1354 758 †

1151 762 1360 805 MANOEL
1393 750 1645 805 ALUAREZ.

341 859 588 917 Inscriptio
609 859 661 902 in
683 861 851 916 quarta
862 859 1068 916 pagina:
1085 856 1271 915 ·1·Jess1s.
1293 857 1354 900 Al
1371 872 1479 913 muy
1496 856 1612 900 Rdo.
1633 870 1692 900 en
1710 855 1892 901 Christo

253 937 402 981 Padre
422 936 465 981 el
489 939 542 980 P.
569 937 661 980 M.0
680 937 928 995 jeronymo
950 934 1113 989 Nadal,
1138 933 1400 978 comissario
1417 934 1603 991 general
1617 933 1676 979 de
1691 934 1735 978 13
1752 934 1892 978 Com-

255 1018 390 1071 paflia
411 1015 468 1058 de
484 1015 635 1073 Jesfis.

342 1092 451 1135 Alia
473 1106 639 1135 manu:
667 1092 793 1147 1562.
824 1089 1032 1135 Coimb.a
1059 1092 1113 1134 P.
1146 1087 1368 1134 Emanuel
1391 1079 1605 1134 Aluarez.
1639 1090 1696 1133 26
1717 1090 1774 1134 de
1795 1089 1893 1133 He-

255 1170 336 1213 bre
344 1184 405 1213 ro.

344 1247 502 1304 Sigilli
532 1247 716 1304 aliquod
752 1247 999 1304 vestigium
1035 1249 1201 1300 manet,
1239 1246 1338 1290 licet
1367 1260 1457 1304 qua
1487 1249 1623 1305 parte
1653 1246 1892 1304 obsignata

246 1325 415 1385 suerat
435 1325 632 1382 epistola,
656 1325 816 1368 charta
832 1324 1025 1368 discissa
1038 1324 1209 1383 fuerit.

574 1650 641 1693 P.
698 1648 1251 1693 HIERONYMUS
1305 1647 1585 1692 NADAL

751 1744 912 1780 PATRI
945 1742 1190 1782 ANTONIO
1226 1742 1408 1794 ARAOZ

655 1841 952 1900 Compluti,
993 1857 1021 1900 9
1058 1840 1238 1887 Martii
1281 1840 1414 1897 1562
1463 1841 1498 1884 ¹.

882 1949 1057 1986 Litterae
1076 1952 1271 1997 patentes.
1316 1959 1318 1961 ·

257 2047 305 2084 P.
322 2047 524 2084 Antonius
539 2047 650 2084 Αναο
659 2060 673 2083 z
686 2047 990 2083 commissarius
1001 2046 1211 2095 generalis
1219 2049 1298 2094 pro
1309 2045 1517 2093 Hispania
1531 2047 1569 2081 et
1579 2045 1708 2086 [ndiis
1721 2046 1900 2082 creatur.

1009 2130 1141 2225 Jhils.

349 2263 658 2320 Hieronymus
687 2262 879 2316 Natalis,
911 2261 1152 2308 Societatis
1183 2263 1297 2320 Jesu.
1333 2261 1671 2306 commissarius
1707 2276 1901 2318 genera-

258 2341 329 2395 lis,
350 2342 465 2386 Rdo.
487 2341 532 2384 in
557 2340 741 2385 Christo
765 2339 889 2384 Patri
906 2339 1082 2383 doctori
1104 2339 1308 2384 Antonio
1330 2340 1498 2393 Araoz,
1523 2338 1727 2384 eiusdem
1745 2337 1903 2384 Socie-

261 2418 366 2463 tatis
388 2419 608 2476 profeSSO,
634 2419 828 2463 salutem
850 2416 897 2460 in
918 2416 1116 2461 Domino
1144 2416 1481 2475 sempiternam.
1508 2418 1626 2462 Cum
1655 2432 1712 2463 ex
1738 2417 1897 2461 autho-

333 2596 344 2617 ¹
395 2594 455 2629 Ex
473 2594 685 2640 archetypo
703 2593 944 2639 authentico,
964 2604 986 2629 3
1004 2592 1183 2639 Jimenez
1202 2597 1375 2638 exarato,
1394 2597 1435 2628 et
1452 2591 1583 2639 sigillo
1596 2591 1805 2629 Societatis
1823 2603 1906 2627 mu-

261 2654 358 2700 nito,
377 2665 467 2690 cum
484 2654 529 2689 P.
554 2653 678 2689 Nadal
697 2652 986 2700 subscriptione
1010 2653 1266 2700 autographa,
1285 2651 1326 2688 in
1353 2651 1448 2688 Cod.
1469 2662 1532 2695 20,
1563 2653 1690 2688 Varia
1712 2652 1822 2694 hist„
1849 2651 1904 2694 II,

260 2713 407 2761 duplici
424 2713 509 2760 fol„
533 2713 594 2759 76.
619 2713 665 2749 In
688 2724 839 2748 summa
862 2724 942 2757 ora,
969 2725 1087 2748 manu
1110 2713 1155 2748 P.
1187 2712 1460 2759 Christophori
1476 2712 1526 2748 de
1545 2712 1699 2758 Castr0‚
1720 2713 1818 2748 haee
1840 2723 1907 2748 an-

259 2778 392 2810 notata
407 2778 511 2810 sunt:
529 2773 699 2809 Patente
713 2773 778 2808 del
793 2773 841 2808 P.
858 2772 1010 2815 Nadab,
1028 2772 1278 2815 comissario,
1292 2775 1403 2819 para
1417 2772 1453 2808 el
1472 2772 1521 2807 P.
1543 2772 1692 2814 Araoz,
1705 2783 1761 2816 *en
1784 2783 1858 2818 que
1873 2772 1908 2808 le

258 2835 384 2870 hazen
397 2833 632 2869 comissario
645 2833 818 2881 general
835 2833 883 2868 de
904 2832 1082 2880 Espassa,
1098 2845 1123 2879 y
1142 2835 1254 2868 trata
1271 2833 1318 2868 de
1337 2832 1379 2868 la
1397 2831 1577 2868 diuisidn
1594 2831 1642 2867 de
1660 2831 1722 2866 las
1737 2832 1910 2879 prouin-

260 2894 344 2930 cias
361 2894 408 2929 de
432 2893 579 2929 Toledo
592 2905 618 2939 y
639 2891 827 2928 Castilla.

333 2952 443 2988 Idem
456 2953 501 2988 P.
517 2953 704 2998 CASTRO‚
719 2951 759 2988 in
772 2951 960 2988 Historia
974 2964 1047 2988 ms.
1062 2952 1128 2988 del
1141 2952 1309 3000 collegio
1323 2950 1588 2999 complvtense
1602 2952 1649 2988 de
1664 2952 1706 2987 la
1727 2950 1770 2988 C.
1789 2952 1837 2987 de
1846 2951 1882 2998 J
1883 2978 1907 2994 .,

260 3011 361 3050 infra
378 3011 651 3058 describenda,
666 3011 734 3048 lib.
758 3020 815 3058 10,
834 3023 919 3059 cap.
939 3011 976 3057 3,
996 3011 1063 3048 fol.
1083 3011 1154 3058 342
1178 3024 1233 3058 v.‚
1252 3012 1351 3047 haec
1374 3010 1423 3047 ad
1440 3022 1523 3046 rem
1538 3011 1688 3048 scribit:
1710 3011 1908 3046 «Nombro

260 3074 295 3109 el
315 3074 381 3109 P.e
402 3072 526 3108 Nadal
545 3083 615 3119 por
632 3071 859 3108 comissario
877 3071 925 3107 de
951 3073 1106 3120 Espafia
1124 3075 1145 3107 e
1173 3070 1304 3108 Indias
1322 3072 1358 3106 al
1389 3071 1456 3106 P.e
1478 3070 1652 3107 Antonio
1682 3070 1731 3107 de
1763 3070 1906 3116 Araoz,

261 3145 415 3183 aunque
433 3134 469 3169 la
487 3136 647 3181 patente
661 3144 704 3169 se
724 3133 759 3169 13
777 3131 842 3169 dio
861 3133 896 3168 el
915 3135 990 3169 3ῆο
1007 3132 1057 3169 de
1079 3132 1183 3178 1562,
1204 3134 1225 3168 ἐι
1243 3133 1301 3169 los
1320 3142 1343 3177 9
1360 3131 1409 3168 de
1426 3132 1596 3179 Marco.»
