2020 3464
256 291 326 340 804
881 293 1022 332 EPIST.
1049 294 1095 330 P.
1122 293 1275 332 NADAL

258 404 410 443 surus,
436 396 487 433 ut
508 396 555 434 et
576 389 758 443 mansit,
779 404 914 446 quem
932 392 1091 434 Patres
1107 397 1153 434 et
1170 389 1330 436 fratres
1347 391 1607 436 uenientem
1624 398 1751 436 tanta
1765 392 1897 436 laeti-

258 449 319 493 tia
341 456 388 494 et
409 449 688 494 exultatione
710 449 757 493 in
777 449 975 493 Domino
997 458 1291 507 exceperunt,
1317 451 1499 507 quantis
1521 452 1772 496 aduentum
1799 451 1898 498 eius

257 510 451 552 multum
473 509 643 565 diuque
664 509 946 566 expetierant
970 510 1105 553 uotis.
1132 512 1230 555 Nec
1251 510 1430 565 iniuria,
1458 526 1563 554 nam
1580 518 1896 568 praeterquam

256 570 379 625 quod
417 575 484 612 tot
511 576 727 625 tantaque
754 569 974 614 beneficia
1002 569 1101 614 eius
1129 570 1338 614 manibus
1366 570 1522 614 diuina
1556 571 1687 615 nobis
1716 571 1897 616 bonitas

256 635 377 673 esset
397 628 633 686 largitura,
660 628 807 672 uirtus
835 629 910 672 illa
932 628 1017 672 uiri
1049 629 1309 686 singularis,
1335 629 1549 686 uitaeque
1581 630 1821 688 integritas
1843 645 1896 675 ac

255 688 474 732 sanctitas
501 703 585 732 suo
613 703 730 745 pene
758 689 856 733 iure
883 703 975 732 non
1003 688 1151 732 dicam
1179 689 1275 742 illa,
1309 703 1426 745 quae
1453 690 1784 746 praestitimus,
1816 691 1897 735 sed

257 749 400 791 multo
421 747 558 792 etiam
580 748 751 792 maiora
772 748 1018 805 exigebant
1040 748 1202 792 officia.

346 807 586 853 Neminem
614 807 818 852 extitisse
845 808 1054 861 arbitror,
1087 807 1162 851 cui
1184 807 1461 852 incredibilis
1490 807 1566 852 illa
1593 809 1825 853 humilitas
1851 815 1898 853 et

256 867 530 922 summissio‚
548 867 624 910 illa
641 867 832 910 facilitas
850 874 895 912 et
914 868 1070 911 uultus
1087 867 1384 924 aequabilitas
1401 867 1677 912 admirabilis
1688 868 1737 913 in
1749 868 1898 914 medio

257 926 725 983 frequentissimorum
767 927 1234 984 grauissimorumque
1275 928 1482 971 laborum
1530 942 1778 982 concursu,
1822 928 1900 972 illa

257 993 435 1044 praeter
456 995 659 1031 caeteras
681 988 810 1030 dotes
832 986 1148 1031 ardentissima
1175 986 1394 1042 charitas,
1420 987 1495 1032 ille
1515 987 1699 1032 diuinae
1727 987 1900 1046 gloriae

257 1048 496 1104 augendae
525 1046 858 1102 Societatisque
886 1052 1068 1090 nostrae
1100 1046 1444 1103 amplificandae
1473 1047 1900 1093 uehementissimus

257 1121 398 1159 amor,
424 1106 767 1151 admirationem
795 1121 889 1149 non
910 1105 1128 1151 excitaret
1155 1107 1396 1150 maximam
1429 1114 1539 1150 tunc
1567 1121 1673 1152 cum
1705 1107 1897 1162 uideret,

256 1173 302 1210 et
323 1173 426 1223 post
447 1180 551 1209 cum
573 1166 711 1209 uellet
738 1165 981 1211 recordari.

347 1227 451 1270 Non
472 1226 550 1268 diu
579 1225 720 1282 igitur
748 1232 1005 1278 cunctatus,
1032 1224 1182 1282 coepit
1203 1225 1355 1270 statim
1378 1241 1432 1271 ea
1453 1226 1748 1282 constituere,
1783 1241 1892 1283 quo-

257 1300 358 1328 rum
374 1285 522 1342 gratia
539 1292 743 1339 uenerat,
764 1285 949 1342 exigere
965 1285 1202 1338 rationem,
1222 1300 1296 1330 res
1312 1286 1447 1329 etiam
1463 1285 1674 1330 minimas
1695 1301 1900 1343 quasque

256 1346 419 1388 domus
435 1345 626 1412 propriis
643 1319 787 1388 oculis
803 1346 1093 1402 perlustrare,
1109 1359 1222 1401 quas
1239 1346 1296 1388 ad
1312 1353 1571 1389 nostrorum
1588 1346 1900 1390 institutorum

246 1420 461 1455 ,normam
483 1412 529 1448 et
551 1405 682 1448 istius
703 1405 876 1448 romani
899 1404 1080 1461 collegii
1097 1405 1341 1461 exemplar,
1361 1406 1511 1461 quoad
1532 1405 1696 1462 potuit,
1722 1405 1901 1450 curauit

257 1465 546 1522 redigendas;
571 1466 805 1520 multaque
826 1464 959 1508 nobis
979 1463 1161 1520 reliquit
1188 1464 1356 1521 scripta
1383 1465 1553 1509 monita
1583 1473 1629 1509 et
1649 1467 1900 1511 documen-

258 1531 319 1578 ta,
361 1532 453 1568 tam
490 1525 548 1567 ad
582 1524 828 1581 spiritalem
866 1524 1001 1568 huius
1039 1523 1220 1581 collegii
1257 1525 1640 1593 commoditatem,
1676 1540 1813 1582 quam
1844 1526 1902 1569 ad

259 1584 529 1641 temporales
552 1599 662 1627 usus
694 1584 967 1641 spectantia3
1000 1598 1118 1640 quae
1147 1583 1298 1627 omnia
1329 1591 1550 1640 quantum
1581 1585 1629 1628 in
1656 1601 1706 1630 se
1731 1585 1902 1630 habent

256 1643 465 1687 utilitatis
486 1643 685 1687 clarius
674 1659 722 1687 1n
743 1644 839 1688 dies
862 1643 1136 1700 experiendo
1159 1643 1495 1712 cognoscimus.

348 1703 523 1747 Habuit
539 1710 772 1760 praeterea
783 1738 793 1758 ,
813 1703 1029 1758 quamdiu
1047 1702 1364 1747 Conimbricae
1380 1704 1492 1761 egit,
1513 1704 1903 1760 frequentissimos

259 1778 492 1808 sermones
524 1763 570 1805 in
599 1778 766 1820 magno
806 1765 995 1806 Patrum
1023 1764 1305 1819 fratrumque
1332 1777 1582 1817 concursu,
1623 1765 1680 1808 ad
1716 1765 1830 1808 duas
1857 1771 1903 1808 et

259 1823 440 1880 uiginti,
467 1829 518 1866 ut
540 1822 716 1879 opinor,
741 1823 1082 1867 exhortationes
1104 1823 1161 1867 de
1184 1823 1424 1867 Societatis
1445 1823 1682 1878 institutis,
1707 1825 1764 1868 de
1795 1839 1902 1882 gra-

259 1883 322 1926 tia
342 1883 478 1936 illius,
504 1884 560 1926 de
584 1883 770 1927 uiuendi
792 1883 943 1937 modo,
975 1884 1032 1927 de
1048 1882 1280 1926 laboribus
1302 1890 1348 1927 et
1364 1883 1596 1936 molestiis,
1630 1883 1795 1939 quibus
1819 1883 1904 1927 fuit

259 1943 502 1999 aliquando
526 1949 705 1996 uexata,
731 1943 789 1987 de
811 1941 1126 1997 Conuersione,
1147 1941 1258 1996 uita,
1279 1942 1572 2000 moribusque
1589 1942 1739 1987 Patris
1760 1943 1903 1987 nostri

258 2002 438 2060 Ignatii,
464 2002 594 2046 cuius
611 2017 788 2058 semper
805 2003 926 2058 apud
941 2017 1024 2046 nos
1041 2001 1368 2046 iucundissima
1385 2002 1562 2046 uictura
1583 2010 1653 2047 est
1669 2003 1899 2056 memoria,

259 2070 304 2107 et
327 2061 558 2119 sigillatim
581 2063 637 2105 de
663 2076 932 2117 unaquaque
954 2061 1199 2106 Societatis
1221 2062 1498 2115 conditione,
1523 2069 1570 2106 et
1592 2077 1682 2118 quo
1711 2062 1903 2119 quisque

259 2122 394 2165 modo
415 2122 637 2178 proficere
658 2121 706 2164 in
727 2128 850 2165 statu
867 2136 950 2164 suo
967 2121 1125 2177 possit3
1150 2121 1316 2176 quibus
1333 2121 1380 2164 in
1396 2121 1683 2166 sermonibus
1704 2129 1903 2178 quantus

259 2181 380 2225 illius
403 2181 540 2226 fuerit
562 2182 709 2234 ardor,
731 2188 900 2237 quanta
918 2181 987 2224 uis
1010 2188 1055 2225 et
1072 2180 1318 2224 acrimonia
1339 2182 1397 2224 ad
1412 2181 1756 2226 inflammandos
1773 2181 1904 2225 audi-

261 2248 410 2284 torum
432 2240 606 2284 animos
628 2247 674 2285 et
695 2240 1057 2297 ingenerandum
1080 2255 1251 2284 nouum
1273 2241 1513 2296 quemdam
1536 2241 1679 2285 diuini
1701 2240 1900 2295 honoris,

261 2300 518 2354 Societatis,
545 2300 835 2357 perfectionis
863 2307 1045 2344 nostrae
1072 2308 1118 2344 et
1146 2300 1336 2343 aliorum
1365 2316 1581 2355 amorem,
1614 2300 1709 2357 ipse
1737 2316 1816 2358 per
1838 2308 1899 2354 te,

261 2361 505 2404 admodum
529 2361 797 2405 Reuerende
821 2362 971 2413 Pater,
999 2359 1130 2404 facile
1151 2367 1279 2416 potes
1301 2360 1541 2414 coniicere,
1567 2360 1645 2416 qui
1665 2360 1786 2404 illius
1807 2360 1902 2403 uir-

262 2427 405 2463 tutem
427 2421 569 2476 probe
590 2419 728 2472 nosti,
759 2433 845 2463 nec
862 2420 1046 2476 ignoras
1069 2434 1203 2475 quam
1226 2419 1284 2462 sit
1314 2420 1902 2471 nostroruminstitutorum
1959 2457 1964 2467 2

262 2479 451 2536 peritus,
477 2494 671 2534 acerque
689 2479 927 2535 interpres:
948 2494 1039 2522 non
1057 2478 1246 2522 dubium
1265 2486 1387 2523 certe
1405 2487 1489 2533 est,
1509 2487 1560 2522 ut
1577 2479 1663 2522 alia
1679 2479 1900 2532 omittam,

262 2538 373 2594 quin
395 2546 577 2582 nostrae
600 2538 841 2583 Societatis
868 2540 1006 2583 rebus
1037 2539 1116 2581 lux
1140 2539 1283 2582 maior
1315 2538 1557 2584 accesserit
1578 2538 1699 2582 illius
1729 2539 1898 2584 uerbis.

264 2598 535 2655 Excogitata
555 2598 669 2641 ratio
691 2597 777 2641 fuit
799 2605 850 2641 ut
872 2600 928 2641 ab
951 2598 1101 2653 aliquo
1117 2598 1452 2654 exciperentur,
1477 2597 1703 2654 nobisque
1723 2598 1903 2655 saepius

263 2673 342 2714 per
366 2658 506 2701 otium
536 2659 893 2714 peruolutandae
919 2665 1172 2711 manerent,
1209 2665 1438 2714 tamquam
1470 2658 1691 2702 reconditi
1719 2657 1902 2715 quidam

262 2724 444 2761 nostrae
472 2717 704 2784 religionis
741 2717 963 2771 thesauri;
995 2731 1080 2762 nec
1114 2718 1260 2760 solum
1292 2717 1568 2762 familiariter
1604 2719 1771 2774 agebat
1798 2731 1902 2761 cum

264 2776 504 2820 fratribus
494 2792 541 2820 1n
558 2777 627 2820 his
644 2776 836 2833 publicis
853 2776 1259 2829 exhortationibus,
1282 2792 1441 2820 uerum
1459 2777 1594 2821 etiam
1612 2778 1755 2820 multo
1772 2776 1902 2820 fami-

261 2836 416 2879 liarius
439 2850 542 2879 cum
565 2836 619 2880 iis
636 2837 979 2903 colloquebatur
1001 2851 1055 2879 eo
1074 2844 1291 2893 tempore,
1311 2837 1434 2892 quod
1451 2851 1477 2879 a
1493 2836 1683 2893 prandio
1700 2843 1746 2881 et
1761 2850 1904 2880 coena

263 2895 405 2952 quieti
447 2910 688 2952 corporum
726 2895 1070 2951 animorumque
1107 2895 1373 2940 relaxationi
1415 2897 1570 2950 datur3
1616 2902 1727 2939 tunc
1768 2895 1904 2940 etiam

262 2956 405 2998 multa
426 2956 483 3000 de
507 2955 734 3000 Societate
757 2955 951 2999 iocunde
968 2962 1014 2999 et
1030 2956 1277 3011 prudenter
1294 2970 1478 3000 narrare
1500 2930 1691 3010 solebat,
1710 2955 1767 2999 de
1784 2956 1904 2998 mul-

262 3014 412 3070 tisque
434 3015 649 3058 Patribus
669 3021 715 3058 et
738 3015 951 3057 fratribus
979 3014 1237 3068 Societatis;
1264 3014 1429 3070 quibus
1451 3013 1704 3070 colloquiis
1714 3014 1803 3058 dici
1825 3014 1902 3057 uix

261 3081 412 3131 potest
433 3082 654 3130 quantum
672 3080 717 3119 et
739 3074 971 3117 doctrinae
993 3081 1039 3117 et
1062 3074 1308 3131 uoluptatis
1330 3073 1704 3141 percipiebamus.

351 3135 425 3177 Ad
447 3136 574 3188 haec,
601 3141 652 3176 ut
673 3133 872 3177 notiores
887 3135 1076 3178 haberet
1098 3147 1256 3177 omnes
1276 3139 1323 3176 et
1344 3133 1491 3190 magis
1508 3130 1764 3186 familiares,
1789 3147 1900 3176 con-
