2098 3548
745 271 899 308 PATms
926 271 1078 308 NADAL
1104 282 1281 310 SCRIPTA
1767 290 1771 293 ·
1784 286 1839 315 xv

192 372 414 418 ctionibus'
427 377 468 418 et
483 377 668 419 monitis
694 377 723 430 ¹,
748 376 1038 434 particularia
1054 377 1248 433 plurima
1264 378 1322 422 de
1338 379 1476 422 modo
1492 380 1693 436 perfecte
1709 395 1836 426 exse-

193 452 362 507 quendi
398 467 468 508 ea,
502 468 620 511 quae
647 456 819 498 Romae
845 454 902 498 ab
931 453 1030 511 ipso
1058 455 1238 512 Ignatio
1270 463 1534 513 exceperat,
1566 458 1639 501 vel
1667 458 1714 501 in
1741 460 1840 515 ejus

193 529 395 575 moribus
426 538 473 575 et
504 531 711 576 familiari
738 546 991 589 congressu
1019 533 1358 586 observaverat,
1384 534 1457 577 vel
1479 534 1614 578 etiam
1637 535 1684 578 in
1705 537 1839 580 domo

190 614 236 651 et
258 609 462 666 collegiis
484 610 683 654 romanis
705 611 762 654 ab
783 610 882 667 ipso
904 609 1167 654 institutore
1188 610 1430 656 Societatis
1452 618 1624 657 statuta
1645 628 1839 671 conspe-

190 693 332 739 xerat,
352 702 528 732 summa
550 688 771 732 fidelitate
791 687 993 745 exponit,
1019 687 1315 745 moribusque
1337 689 1562 746 cujusque
1578 690 1839 748 provinciae

190 770 236 807 et
258 764 459 822 regionis
482 767 827 811 accommodare
853 765 1038 824 satagit.

279 843 402 887 Hinc
425 843 557 889 facile
577 844 849 902 intelligitur
870 859 952 888 cur
976 851 1152 888 tantum
1170 844 1384 902 ponderis
1400 851 1447 888 et
1464 846 1747 891 auctoritatis
1768 848 1839 893 his

190 920 342 965 Patris
364 923 512 966 Nadal
532 923 945 976 Admonitionibus,
969 929 1015 966 et
1035 922 1172 966 etiarn
1195 923 1389 966 Sclzoliis
1411 924 1462 966 in
1489 925 1838 971 Constitutiones

188 1001 230 1041 et
255 1000 614 1055 Declarationes,
644 992 859 1045 'tribuerit
885 1001 1089 1045 secunda
1117 1000 1418 1058 congregatio
1445 1002 1688 1059 generalis,
1721 1018 1839 1060 quae

141 1120 144 1122 ,
188 1076 387 1132 quidem,
413 1077 484 1122 sin
506 1078 656 1123 minus
678 1078 965 1136 obligatoria,
991 1085 1037 1122 at
1059 1086 1182 1123 certe
1204 1079 1262 1122 ad
1283 1078 1580 1124 directionem
1597 1081 1730 1125 valde
1746 1082 1837 1125 uti—

187 1153 248 1198 lia
268 1156 382 1199 haec
398 1157 673 1201 documenta
688 1156 937 1201 declaravit
954 1157 987 1200 ².
1010 1157 1124 1200 Illud
1141 1163 1377 1213 praeterea
1393 1172 1449 1201 ex
1466 1157 1538 1202 his
1553 1158 1716 1203 melius
1733 1174 1836 1216 per-

190 1232 395 1291 spicitur,
420 1249 503 1279 cur
523 1235 697 1280 scilicet
725 1234 811 1293 ipsi
839 1234 1085 1292 praepositi
1113 1236 1352 1292 generales
1380 1243 1426 1280 et
1453 1237 1837 1294 congregationes

189 1309 237 1354 in
262 1311 412 1355 dubiis
443 1327 496 1356 ac
523 1312 870 1356 difficultatibus
898 1312 1192 1367 extricandis,
1224 1327 1342 1369 quae
1369 1313 1537 1371 passim
1565 1314 1686 1359 circa
1712 1316 1837 1360 varia

187 1396 359 1446 puncta
379 1389 759 1435 constitutionum
779 1391 1099 1444 occurrebant,
1123 1390 1306 1447 saepius
1328 1393 1442 1435 haec
1464 1392 1658 1447 Scholia,
1681 1400 1728 1438 et
1754 1396 1837 1438 has

187 1468 531 1512 Admonitiones
568 1469 875 1522 consulerent,
915 1469 1139 1526 pluraque
1174 1470 1232 1512 ad
1270 1470 1421 1513 Patris
1458 1471 1606 1514 Nadal
1636 1479 1833 1516 mentem

188 1552 457 1591 statuerent.

276 1625 428 1679 Adde,
453 1626 576 1683 quod
597 1626 842 1683 praepositi
864 1626 1119 1690 generales,
1145 1626 1223 1683 qui
1245 1634 1348 1684 post
1370 1627 1599 1685 Ignatium
1629 1629 1834 1674 Societa-

187 1700 245 1746 tis
266 1703 578 1760 gubernacula
600 1711 917 1760 susceperunt,
949 1703 996 1747 in
1028 1703 1406 1759 ordinationibus,
1442 1706 1631 1763 regulis,
1662 1706 1835 1751 instru—

186 1779 429 1834 ctionibus,
455 1781 623 1838 quibus
644 1796 810 1838 corpus
837 1781 1034 1825 instituti
1062 1781 1305 1827 Societatis
1327 1784 1440 1841 Jesu
1469 1785 1829 1841 compleverunt,

185 1859 328 1902 multa
349 1873 405 1902 ex
427 1859 607 1916 scriptis
630 1862 682 1904 P.
710 1860 858 1904 Nadal
879 1860 937 1903 ad
957 1859 1170 1913 litteram,
1195 1861 1327 1917 plura
1349 1860 1555 1905 nonnihil
1576 1861 1829 1916 immutata,

185 1936 258 1980 vel
295 1936 554 1981 accuratius
580 1937 751 1992 limata,
783 1952 866 1981 seu
894 1937 1148 1992 imminuta,
1179 1939 1237 1982 ad
1265 1938 1405 1982 totius
1441 1939 1684 1984 Societatis
1710 1940 1832 1984 dire—

183 2013 380 2058 ctionem
421 2015 816 2072 deprompserunt.
869 2016 1008 2072 Quod
1056 2015 1239 2072 quidem
1289 2015 1444 2060 statim
1486 2018 1646 2074 patefit
1687 2017 1833 2062 cuivis

183 2092 435 2137 conferenti
456 2108 501 2136 v.
528 2107 575 2150 g.
602 2093 786 2150 regulas
808 2092 1182 2138 scholasticorum
1204 2093 1252 2137 in
1274 2095 1488 2138 Instituto
1516 2095 1826 2153 consignatas,

181 2184 286 2215 cum
317 2170 563 2214 fusioribus
594 2170 767 2228 regulis
795 2186 822 2215 a
849 2172 996 2215 Nadal
1023 2171 1070 2215 in
1098 2171 1258 2216 codice
1288 2173 1620 2216 Instructiones
1647 2173 1829 2222 insertis

180 2250 266 2292 sub
282 2250 370 2293 hoc
387 2248 534 2292 titulo:
560 2250 678 2292 «Pro
694 2243 945 2293 scolaribus
963 2249 1230 2294 Societatis»
1253 2251 1286 2305 ³;
1305 2251 1379 2294 vel
1397 2251 1580 2308 regulas
1597 2251 1826 2295 variorum

181 2326 483 2384 superiorum,
509 2325 738 2379 cumillis,
765 2341 883 2383 quae
910 2326 958 2370 in
985 2327 1146 2371 eodem
1173 2327 1331 2372 codice
1359 2328 1417 2371 de
1438 2330 1527 2372 hoc
1555 2336 1827 2386 argumento

181 2403 483 2461 reperiuntur.
517 2405 639 2448 Idem
667 2405 724 2448 de
754 2404 929 2449 ratione
956 2404 1211 2449 studiorum
1240 2412 1286 2449 et
1314 2407 1372 2450 de
1402 2405 1517 2459 aliis,
1554 2421 1673 2462 quae
1704 2421 1827 2450 nunc

181 2481 393 2539 persequi
414 2496 508 2526 non
529 2488 678 2535 vacat,
704 2481 855 2526 dicere
876 2497 1130 2539 possemus.

271 2562 431 2604 Restat
452 2566 503 2603 ut
524 2560 583 2603 de
603 2559 783 2617 scriptis
805 2560 1078 2616 quibusdam
1100 2560 1397 2618 apologeticis
1413 2561 1680 2606 brevissime
1701 2562 1826 2606 dica-

178 2652 297 2690 mus,
323 2652 442 2694 quae
457 2636 593 2681 etiam
610 2652 692 2694 pro
709 2636 950 2682 Societatis
967 2637 1333 2682 institutionibus
1350 2638 1636 2683 vindicandis
1653 2640 1710 2683 ab
1727 2639 1824 2696 ipso

179 2716 234 2759 P.
260 2716 422 2769 Nadal,
448 2722 586 2772 prout
607 2714 787 2759 occasio
808 2722 854 2759 et
877 2722 1056 2773 tempus
1085 2716 1307 2770 ferebant,
1340 2717 1591 2774 composita
1619 2718 1819 2760 fuerunt.

176 2793 227 2835 In
248 2791 304 2836 iis
325 2793 618 2837 memoranda
638 2792 846 2847 veniunt,
877 2792 1038 2849 primo,
1069 2794 1296 2852 Apologia
1322 2795 1374 2838 in
1396 2795 1565 2837 librum
1589 2795 1822 2838 exercitio-

177 2884 298 2924 rum,
321 2885 475 2927 quam,
501 2871 559 2914 ad
580 2869 951 2928 impugnationes
978 2871 1150 2914 Fratris
1179 2872 1433 2925 Pedroche,
1468 2873 1527 2916 O.
1567 2874 1639 2924 P.,
1665 2872 1821 2928 explo-

253 2998 261 3017 ¹
313 2995 412 3032 Cod.
433 3005 468 3041 5,
486 2996 524 3043 6,
545 3005 567 3042 7
586 3002 626 3032 et
643 3007 679 3043 9.

248 3058 262 3078 ³
311 3054 458 3102 Congr.
477 3056 530 3103 ΙΙ,
548 3056 655 3091 decr.
676 3056 721 3091 28
739 3062 780 3092 et
798 3065 856 3102 57.

250 3115 264 3135 ³
314 3114 411 3151 Cod.
430 3122 467 3159 7.
