2060 3490
772 278 815 305 10
842 270 1011 306 APmms
1040 269 1131 315 1553
1703 283 1768 320 145

130 373 366 429 procedas,
390 371 437 415 in
459 371 647 415 nomine
669 370 820 414 Patris
842 377 888 415 et
910 370 1016 415 Filii
1038 377 1084 415 et
1106 370 1304 427 Spiritus
1320 373 1466 416 sancti
1482 373 1780 432 injungimus,

127 457 175 494 et
192 450 474 502 ordinamus3
495 454 542 492 et
562 454 614 491 ut
629 447 729 505 ipsa
745 454 930 492 aeterna
946 448 1181 505 Sapientia
1197 455 1244 493 te
1259 449 1307 493 in
1325 450 1538 494 omnibus
1555 451 1782 498 illustrare

133 534 180 571 et
203 541 364 584 regere
384 526 620 583 dignetur,
645 538 899 582 precamur.

221 606 371 648 Datae
392 605 580 656 Romae,
605 602 653 646 in
680 603 871 647 aedibus
899 602 1142 648 Societatis
1163 599 1294 662 Jesu,
1325 611 1488 660 quarto
1515 605 1618 649 idus
1645 607 1784 663 Apri—

133 682 189 725 lis
216 691 343 737 1553.

1284 758 1534 803 IGNATms.

134 907 183 943 V.
208 907 256 943 R.
282 906 359 942 Sea
375 917 451 941 con
474 904 705 958 todos-Jesu
729 904 802 940 X.0
816 931 824 940 .
845 905 906 940 De
929 904 1068 950 Roma,
1088 911 1109 949 5
1133 904 1183 940 de
1207 904 1321 940 Abril
1349 904 1590 950 1553.»—Ex
1614 908 1783 956 Regesto

132 966 230 1009 litt„
248 966 281 1012 1,
300 965 362 1001 66.
582 964 584 966 ’

203 1026 321 1061 Plura
338 1025 498 1071 insuper
511 1023 749 1059 documenta
766 1023 1033 1071 proficiscenti
1056 1023 1102 1059 P.
1127 1022 1254 1059 Nadal
1272 1023 1365 1059 data
1382 1029 1489 1071 sunt,
1509 1037 1610 1073 quae
1629 1027 1787 1063 tametsi

130 1085 172 1121 in
192 1084 390 1121 Chronico
406 1084 452 1120 P.
471 1084 691 1130 POLANCO,
711 1083 784 1129 ΙΙΙ,
803 1082 888 1129 439,
907 1082 1014 1118 edita
1031 1086 1138 1128 sunt,
1156 1082 1221 1118 hic
1235 1094 1350 1119 suum
1364 1073 1564 1132 pr⁹0prium
1578 1086 1706 1122 locum
1719 1087 1785 1122 ha-

102 1180 105 1182 .
132 1147 227 1181 bere
244 1144 443 1180 videntur.
463 1142 566 1179 Sunt
582 1147 715 1179 autem
733 1142 942 1190 desumpta
960 1154 1010 1178 ex
1027 1143 1197 1191 Regesto
1215 1142 1311 1186 litt„
1330 1143 1363 1190 I,
1382 1144 1444 1189 65.

204 1213 262 1240 «1.
314 1205 435 1240 Molte
458 1203 570 1239 firme
589 1203 629 1239 in
652 1204 809 1249 bianco,
835 1207 876 1238 et
899 1203 1051 1250 patenti
1075 1214 1150 1238 con
1174 1202 1306 1249 sigillo
1331 1208 1372 1239 et
1395 1205 1695 1241 sottoscrizione
1718 1205 1782 1241 del

134 1265 262 1301 Padre
279 1265 321 1301 in
338 1264 493 1300 bianco,
645 1303 648 1306 ⁴

208 1334 243 1360 2.
295 1325 386 1361 Una
403 1327 564 1370 patente
583 1322 687 1358 della
705 1333 776 1358 sua
794 1321 976 1358 autorita.
995 1322 1119 1357 Resta
1136 1322 1175 1358 la
1189 1321 1316 1370 copia.

205 1384 242 1420 3.
293 1384 383 1420 Una
400 1382 642 1418 instruzione
666 1393 736 1429 per
752 1386 866 1429 poter
882 1386 1050 1417 mostrar
1067 1386 1108 1417 et
1125 1382 1192 1418 un'
1212 1383 1311 1419 altra
1328 1387 1495 1420 secreta.

205 1455 241 1490 4.
293 1445 384 1481 Una
400 1444 544 1480 lettera
559 1443 747 1489 generale
764 1442 854 1478 dell’
873 1440 1114 1478 obedientia.

203 1513 238 1550 5.
291 1503 416 1551 Copia
433 1502 474 1539 di
491 1503 590 1538 altre
607 1503 750 1538 lettere
769 1501 952 1538 mandate
970 1513 992 1537 a
1011 1501 1181 1549 Spagna.

202 1566 239 1601 6.
293 1564 329 1600 A
347 1564 439 1600 Gio.
459 1563 578 1599 Paolo
596 1574 674 1598 una
690 1563 833 1598 lettera
850 1561 1130 1598 testimoniale.

204 1633 241 1670 7.
293 1624 369 1659 Per
386 1621 626 1659 Saluatierra
643 1633 687 1658 se
705 1621 733 1658 li
750 1621 988 1658 mandarono
1005 1622 1043 1657 le
1061 1620 1338 1657 constitutioni
1355 1622 1535 1659 et·molte
1551 1624 1700 1669 regole.

203 1684 239 1720 8.
293 1684 372 1721 Un'
392 1684 491 1719 altra
508 1681 751 1718 instruzione
770 1683 904 1728 lunga,
926 1681 1111 1718 massirne
1129 1692 1245 1728 sopra
1261 1681 1410 1718 danari.

203 1755 239 1791 9.
291 1743 452 1779 Lettere
470 1754 539 1790 per
556 1741 583 1778 il
602 1742 646 1777 P.
662 1742 883 1777 Francesco
896 1741 937 1777 di
950 1742 1071 1777 molte
1083 1740 1212 1787 gratie
1224 1741 1298 1777 che
1316 1740 1344 1777 li
1357 1741 1598 1790 concedeua,
1612 1741 1653 1778 di
1666 1753 1785 1778 cauar

135 1804 280 1850 anime,
300 1807 378 1839 ete.

174 1871 242 1899 Ἰο.
295 1863 408 1899 Altra
425 1861 503 1897 mia
520 1872 636 1908 sopra
652 1860 793 1896 Nadal.

184 1931 241 1959 11.
287 1921 512 1961 ,Summario
529 1921 633 1957 delle
649 1920 777 1967 gratie
794 1920 898 1956 delle
917 1919 1130 1956 Avemarie
1148 1919 1379 1956 benedette.

186 1989 244 2018 12.
296 1981 339 2018 Si
355 1981 514 2018 rimette
531 1993 553 2017 a
569 1980 626 2017 lui
642 1979 669 2015 il
687 1979 813 2015 Padre
830 1991 946 2027 sopra
962 1979 987 2015 l’
1005 1978 1126 2015 andar
1143 1978 1185 2015 in
1203 1978 1460 2015 Andalucia.»

207 2042 259 2078 Et
276 2041 416 2078 eodem
431 2040 499 2077 fol.
518 2040 564 2085 65
582 2047 645 2077 v.0

185 2109 244 2137 «1.
294 2101 385 2138 Una
412 2111 578 2148 procura
603 2099 805 2146 generale.
831 2098 954 2134 Resta
982 2098 1020 2134 la
1042 2097 1155 2145 copia
1171 2096 1213 2134 in
1243 2109 1334 2134 casa
1364 2097 1428 2134 del
1464 2097 1617 2134 notario
1642 2098 1783 2135 Casas-

138 2161 285 2198 rubias.

212 2230 247 2256 2.
298 2220 420 2256 Molte
436 2219 547 2254 firme
565 2218 606 2254 di
623 2217 701 2254 mia
718 2228 847 2253 mano.

210 2279 246 2316 3.
297 2280 458 2316 Lettere
474 2278 538 2314 del
556 2279 724 2314 Dottore
741 2276 869 2315 Olave
887 2276 1010 2313 varie.

209 2350 245 2385 4.
297 2339 457 2375 Lettere
475 2337 516 2373 di
533 2349 603 2373 sua
620 2336 761 2373 andata
778 2335 819 2371 in
837 2334 994 2382 Spagna
1010 2340 1050 2372 et
1067 2334 1275 2383 authorita,
1301 2347 1372 2383 per
1394 2336 1623 2383 Barcelona,
1643 2336 1785 2372 Valen-

141 2399 211 2446 tia,
229 2397 398 2444 Gandia,
418 2397 561 2443 Araoz,
581 2396 746 2448 Miron.»

335 3154 447 3184 Emsr.
467 3154 506 3182 P.
525 3154 660 3189 NADAL,
680 3160 755 3182 rou.
775 3153 801 3182 1.
920 3196 922 3198 Ι
1557 3133 1560 3137 ⁸
1577 3150 1615 3180 10
